2916 5026
606 451 641 465 ..
678 421 783 479 15...

138 597 306 680 ltortr'brte,
325 598 366 663 ,6.
390 598 422 665 i.
441 599 479 662 4:
504 597 600 663 fratte
624 600 871 684 et‘paiuperrtr'a'
885 600 1055 684 poemiae,
1087 601 1119 666 1.
1137 600 1191 669 22.
1206 603 1243 667 ·1.

139 712 252 772 Unam
281 712 471 771 inusitatam
501 711 696 770 locutionem
715 712 857 772 'notariz
893 706 1083 772 cohortibus
1114 715 1245 773 cautam

132 813 244 896 <atqie
267 825 355 888 xxii,
380 817 438 876 III.
465 811 515 887 10',
533 811 571 876 ,5.
618 816 785 891 Quatenus
803 817 1142 880 'Pseudocaesariani
1170 821 1246 881 scri-

140 927 255 999 ptores
278 939 352 983 cum
377 922 515 983 Caesare
539 924 745 983 consentiant
771 924 911 985 iudicari
938 941 1003 985 non
1033 928 1148 1000 potest,
1175 943 1246 1002 pro·

142 1038 260 1105 pterea
282 1029 370 1104 quod
393 1029 524 1089 codices
547 1029 616 1088 fare
640 1030 793 1089 omnibus
815 1030 898 1090 locis
920 1034 1012 1089 notas
1035 1048 1246 1118 numerorum

142 1136 316 1211 praebent.
359 1134 432 1204 Uno
456 1136 524 1195 solo
548 1136 620 1195 loco
644 1135 783 1212 legimns
807 1130 899 1196 millo
923 1138 953 1196 ei
976 1131 1013 1196 D
1030 1152 1167 1216 pareas,
1181 1139 1245 1201 Af.

131 1234 248 1300 ·80.··1.
1206 1257 1209 1262 ·

204 1474 241 1539 3.
287 1474 343 1542 De
366 1457 574 1558 particulis
598 1467 838 1571 copulativis
862 1491 953 1542 cum
976 1474 1189 1542 adverbiis.

254 1612 302 1690 Ne
324 1619 456 1695 longum
474 1618 605 1695 faciam,
629 1619 725 1678 simul
742 1619 891 1679 hocloco
908 1621 938 1680 et
955 1619 1135 1707 particulae
1151 1601 1246 1680 usum

142 1731 181 1799 et
198 1733 386 1809 ceterarum
410 1722 666 1784 commentabor.
900 1728 902 1732 ’
1038 1702 1045 1734 ⁴⁷
1229 1710 1232 1716 ¹

143 1907 178 1948 a.
203 1885 313 1968 Quae
337 1885 576 1962 particulae
600 1884 797 1961 singulae
820 1886 1031 1947 interduo
1055 1887 1248 1946 adverbia

132 1995 136 2000 '
587 1994 819 2066 ponantun'

256 2117 415 2178 Omnibus
438 2115 488 2174 his
507 2115 723 2190 scriptoribus
744 2116 902 2189 excussis,
925 2115 1010 2174 haec
1025 2117 1152 2192 reperio
1167 2132 1247 2178 vera

145 2221 234 2283 esse:
269 2222 443 2282 interduo
467 2223 701 2295 cuiuscumque
724 2222 847 2297 gradus
871 2222 1030 2281 adverbia
1052 2223 1247 2298 particulam

134 2308 350 2409 'qao-crebro
377 2329 528 2404 usurpari
543 2324 582 2402 1);
619 2329 706 2386 etet
734 2329 833 2407 atque
857 2344 956 2404 saepe
978 2318 1070 2387 'inter
1096 2330 1247 2404 positiva,

146 2437 256 2496 minus
280 2451 379 2511 saepe
402 2436 489 2493 inter
505 2434 740 2510 comparativa,
765 2434 899 2493 minime
920 2450 1018 2508 saepe
1035 2435 1121 2493 inter
1136 2438 1248 2510 super-

146 2535 261 2612 lativa.
283 2522 458 2602 Caesarem
481 2541 569 2600 enim
593 2540 696 2598 solnm
709 2540 880 2614 >praebere
897 2541 1049 2615 exempla
1065 2548 1098 2600 et
1121 2533 1247 2600 'tanturn

147 2651 214 2721 duo
228 2627 249 2708 ’ζ
289 2627 502 2723 ¹Comparatio
515 2646 663 2705 aliorum
688 2647 883 2721 scriptorum
909 2647 1066 2722 patefacit
1080 2643 1106 2722 8)
1129 2648 1163 2706 in
1186 2649 1249 2707 hoc

146 2772 282 2833 genere,
306 2770 409 2829 aeque
433 2759 532 2827 atque
548 2753 582 2811 in
599 2752 838 2811 adlectivor'um
855 2738 1086 2830 conligatione,
1110 2769 1166 2813 eos
1189 2769 1248 2813 suo

147 2878 312 2937 quemque
336 2861 473 2920 arbitrio
496 2859 605 2918 usos.¹
1225 2850 1228 2856 ⁴

133 3082 139 3089 .
217 3028 249 3086 h.
289 3001 1176 3107 Singulorumadrerbiornmadiuncti04).

257 3149 362 3212 Simul
384 3151 447 3210 hoc
469 3150 551 3220 loco,
580 3155 616 3208 nt
645 3163 753 3224 supra,
783 3164 896 3208 omnes
919 3149 1097 3223 particulas
1121 3151 1250 3225 copula·

147 3257 236 3316 tiras
260 3257 479 3332 complectar.
500 3253 636 3319 ‘Caesar
659 3270 788 3328 semper
816 3255 847 3312 et
874 3255 1063 3329 praeposuit
1090 3255 1157 3313 his:
1187 3269 1249 3334 po-

259 3444 285 3508 1)
305 3443 399 3499 Velim
421 3444 563 3513 inspicias
583 3458 737 3498 numeros:
757 3458 815 3514 que
833 3445 912 3499 inter
932 3439 1075 3513 positiva:
1099 3441 1183 3498 Caes.
1194 3442 1249 3497 14:

149 3531 256 3589 Hirtl
277 3551 284 3587 :
303 3530 370 3609 M
389 3552 395 3586 :
417 3531 464 3587 Ai.
479 3531 514 3585 14
533 3550 539 3582 ι
558 3531 594 3586 H.
608 3531 638 3601 23
660 3532 739 3586 inter
758 3533 981 3602 comparativa:
1000 3530 1083 3588 Caes.
1100 3532 1118 3587 3
1137 3552 1144 3585 :
1163 3529 1251 3586 Ala

149 3621 199 3677 Af.
216 3622 234 3677 2
253 3638 261 3676 t
279 3620 316 3676 H.
337 3621 366 3690 13
395 3621 474 3675 inter
493 3620 693 3690 superlativa:
712 3611 798 3675 ¹Caes.
817 3620 835 3675 3
855 3641 861 3674 :
880 3619 915 3674 A.
935 3621 952 3674 3
971 3639 979 3674 r
998 3618 1045 3674 Af.
1066 3620 1089 3674 1.
1127 3621 1155 3673 et
1173 3620 1251 3674 inter

150 3709 296 3779 positivae
315 3707 431 3764 caesii
451 3726 458 3763 ε
478 3706 544 3762 Aa
563 3727 569 3761 ε
589 3705 625 3761 H.
641 3707 668 3776 ¹3
689 3707 767 3762 inter
786 3707 1007 3777 comparativa:
1027 3705 1111 3762 Caes.
1123 3707 1141 3760 3
1154 3726 1161 3759 ε
1174 3706 1251 3773 H.l;

149 3799 230 3852 inter
248 3797 451 3869 superlativa:
470 3795 554 3852 Caes.
574 3798 599 3851 1.
626 3798 728 3867 ¹utque
747 3796 988 3866 interposituros
1008 3793 1092 3850 Caes.
1106 3795 1140 3849 lt
1153 3812 1161 3848 ε
1174 3794 1250 3850 Birt.

150 3886 196 3940 2:
213 3885 250 3943 A.
271 3888 284 3940 l
305 3903 313 3941 t
333 3885 381 3945 Af.
401 3886 434 3951 23
466 3887 546 3940 inter
575 3886 797 3967 comparativa:
826 3882 862 3938 A.
881 3885 910 3950 13
943 3885 1022 3944 inter
1050 3882 1251 3953 superlativa:

151 3972 236 4031 Caes.
256 3976 281 4029 1.

259 4060 591 4132 fflLfflffllffib

259 4151 288 4217 3)
308 4149 352 4207 cf.
371 4149 486 4205 Merten
504 4167 533 4220 p.
552 4151 577 4205 8.

217 4222 220 4230 ’
258 4238 288 4308 4)
301 4230 435 4309 Bingius
454 4238 494 4308 (p.
514 4239 560 4304 18)
578 4238 657 4295 hanc
677 4232 886 4306 quaestionem
905 4237 1051 4304 exercuit,
1071 4235 1125 4290 sed
1143 4249 1251 4304 parum

152 4331 336 4389 mmmmoec”
477 4335 536 4387 ;'
727 4339 729 4344 '
1006 4338 1008 4343 '
1161 4333 1164 4337 '
