2916 5026
639 429 814 484 -2p-

178 625 275 691 cepta
309 630 406 689 quam
441 613 630 673 memoravi.
678 611 742 678 Sed
778 614 954 690 scriptores
987 603 1068 673 Belli
1104 616 1214 677 Africi
1254 628 1291 679 et

178 721 259 782 Belli
284 720 509 797 Hispaniensis
533 721 563 782 ei
587 733 654 780 noa
677 720 808 795 saepius
831 720 1000 781 adhibent.

605 1050 661 1135 V.
705 1049 844 1152 QVE.

285 1235 329 1296 Ut
352 1251 411 1311 per
443 1237 474 1296 et
507 1236 701 1311 copulantur
734 1234 881 1295 notiones
905 1235 958 1294 vel
989 1237 1162 1299 enuntiata
1191 1243 1288 1301 omni

179 1342 333 1402 interiore
366 1343 491 1403 ratione
524 1342 685 1419 neglecta,
722 1341 768 1401 ita
800 1354 952 1420 perque
985 1341 1054 1408 (Gr.
1084 1359 1130 1421 τε,
1167 1355 1288 1408 nostra

179 1447 293 1526 lingua
311 1442 420 1523 ‘alau’)
444 1447 591 1509 notiones
613 1449 666 1506 vel
689 1448 859 1507 enuntiata
873 1455 996 1522 suapte
1020 1456 1140 1510 natura
1163 1455 1286 1514 cohae-

178 1555 295 1615 rentia.
341 1554 413 1631 Qua
441 1555 482 1614 de
512 1566 611 1615 causa
638 1568 700 1633 que
728 1557 776 1613 est
809 1553 1013 1628 aptissimum
1041 1558 1074 1614 et
1097 1573 1288 1620 accommo-

180 1661 384 1722 datissimum
419 1661 461 1723 ad
496 1661 600 1739 legea-
632 1666 720 1731 acta,
756 1659 947 1734 reliquaque
982 1661 1144 1722 eiusmodi
1181 1665 1285 1727 docu-

181 1774 300 1844 menta,
313 1784 396 1842 quae
413 1767 581 1826 astrictum
598 1767 729 1826 dicendi
746 1782 851 1843 genus
868 1769 1138 1844 contractumque
1155 1781 1283 1834 ament.

179 1873 294 1949 Itaque
317 1874 351 1934 in
374 1873 610 1949 antiquissimis
633 1873 765 1950 linguae
782 1872 917 1932 Latinae
940 1876 1170 1949 monumentis,
1194 1894 1283 1953 qnae

179 1981 335 2057 pleraque
359 1980 517 2042 eiusmodi
541 1987 626 2052 sunt,
655 1980 736 2039 haec
764 1979 927 2053 particula
955 1981 1100 2041 maxime
1124 1983 1283 2058 frequen·

180 2094 279 2159 tatur,
315 2094 347 2148 et
367 2104 483 2170 ¹usque
514 2088 596 2147 adeo
630 2093 665 2146 ut
689 2088 720 2146 ei
744 2092 776 2146 et
805 2087 903 2164 atque
937 2102 1070 2161 perraro
1103 2094 1283 2164 ponantur,

179 2202 248 2254 tum
272 2201 398 2255 tantum
421 2210 495 2255 cum
513 2194 686 2271 ambiguas
702 2193 870 2254 iuncturas
886 2191 984 2253 vitari
1001 2195 1146 2268 oportuit
1162 2198 1283 2270 quales

180 2307 255 2362 sunt
278 2296 401 2380 atique,
425 2316 539 2379 aeque,
563 2295 726 2378 undeque,
750 2294 869 2378 adque,
893 2306 969 2359 cett.
984 2295 1021 2373 ¹).
1054 2300 1158 2377 Quem
1181 2319 1283 2365 usum

179 2408 376 2484 procedente
411 2414 557 2483 ternpore
593 2407 812 2482 permansisse
847 2411 897 2466 est
935 2407 1160 2479 manifestum,
1201 2427 1282 2472 nam

179 2513 292 2575 Cicero
326 2515 359 2573 in
395 2523 526 2575 senatus
561 2513 708 2574 consulto
744 2505 837 2590 [Phil.
857 2507 907 2571 14.
929 2504 984 2590 36]
1020 2512 1098 2573 dato
1133 2517 1284 2590 quadra·

179 2622 304 2699 gesimo
327 2623 423 2683 tertio
447 2637 532 2681 anno
556 2619 810 2682 antechristum
835 2620 1022 2698 posuitque
1038 2627 1088 2680 ter
1112 2627 1144 2680 ot
1160 2623 1281 2697 vicies,

180 2729 211 2788 ei
227 2728 289 2798 bis,
313 2728 412 2807 atque
429 2727 539 2803 semel,
564 2733 596 2785 et
616 2727 651 2785 id
675 2741 748 2785 cum
772 2725 842 2799 ipse
866 2725 935 2785 fere
959 2725 1090 2801 parcius
1114 2721 1284 2802 particula

180 2840 377 2914 potentatur
401 2849 498 2909 quam
522 2834 578 2893 alii
603 2832 801 2892 recentiores
826 2826 1044 2906 scriptores2).

287 2943 395 3017 Atque
419 2959 462 3001 ex
486 2939 763 3015 inscriptionibus,
787 2937 916 2999 etiamsi
934 2938 1017 2996 alius
1040 2939 1198 3000 orationis
1224 2942 1285 3002 ha·

180 3049 268 3109 bitus
291 3049 401 3119 fuerit,
427 3049 583 3110 discimus
607 3048 745 3107 eandem
769 3047 975 3122 particulam,
999 3047 1077 3106 licet
1092 3064 1157 3107 non
1182 3065 1282 3123 prae·

180 3155 331 3231 valuerit,
360 3161 468 3215 tamen
493 3156 524 3214 et
547 3153 742 3229 particulam
768 3169 873 3228 paene
897 3149 1134 3228 aequavissol).
1180 3155 1282 3218 Hanc

181 3261 398 3336 frequentiam
422 3261 640 3338 permansisse
663 3261 697 3319 in
721 3275 870 3320 sermone
899 3260 1011 3335 populi
1040 3260 1207 3322 cotidiano
1232 3265 1282 3324 ia·

180 3367 241 3427 cile
277 3369 495 3447 intellegitur,
536 3375 708 3444 propterea
743 3367 831 3440 quod
869 3367 1017 3427 homines
1052 3367 1160 3442 plebei
1195 3371 1281 3431 anti·

181 3473 338 3547 quissima
367 3491 516 3548 quaeque
546 3473 734 3533 fidelissime
758 3472 900 3532 retinent
924 3488 983 3546 per
1006 3488 1118 3533 omnes
1141 3473 1279 3551 linguae

181 3586 314 3637 aetates.
361 3579 425 3639 Sed
457 3580 539 3639 hoec
571 3579 743 3640 hactenus:
783 3586 985 3640 transeamus
1018 3579 1216 3655 adsingula
1246 3589 1279 3641 et

182 3685 321 3760 primum
346 3688 386 3745 de
414 3702 476 3766 que
499 3687 680 3763 particulae
704 3685 929 3745 conlocatione
953 3684 1166 3760 disputemus.

290 3972 315 4036 1)
335 3970 378 4026 Cf.
397 3971 496 4042 Ringc
515 3987 543 4041 p.
564 3971 591 4037 13
611 3967 726 4023 Merten
745 3985 773 4039 p.
792 3969 824 4036 23
843 3968 942 4023 Elmer
961 3985 989 4038 p.
1009 3968 1070 4024 294.

288 4058 316 4125 2)
337 4058 379 4114 Oi.
400 4057 523 4127 Geislen
543 4057 616 4114 Phil.
637 4057 678 4123 10,
697 4073 725 4127 p.
747 4057 806 4111 100.
1035 4086 1038 4091 ¹

288 4146 317 4212 3)
336 4145 380 4204 Cf.
399 4146 498 4205 almer
516 4163 545 4217 p.
564 4145 624 4201 297.
