2916 5026
625 432 784 490 -3..

153 611 261 680 cedat.
297 609 365 683 Iam
387 625 469 677 vero
493 610 583 670 nulla
607 625 642 668 re
658 610 691 669 hi
708 610 812 669 libelli
828 610 934 686 magis
950 609 1037 669 inter
1053 627 1087 669 se
1104 607 1253 685 dispares

154 725 232 787 sunt
255 733 352 791 quam
374 716 637 792 copulativamm
659 716 894 791 particularum
918 732 990 788 usu,
1015 718 1102 791 quod
1119 718 1252 791 quidem

154 841 221 894 nou
244 825 363 892 mirum
386 829 445 893 est,
470 839 546 889 nam
567 822 758 897 particulae,
781 822 914 882 humilis
930 823 1088 881 sermonis
1104 825 1252 894 materia,

154 939 265 999 minen
289 929 450 1005 imprimis
474 929 615 1005 signant,
642 945 701 1004 pro
725 935 760 987 ut
784 929 894 1003 inepte
918 932 975 987 aut
998 936 1073 1004 apte
1096 946 1254 1005 usurpan-

154 1047 220 1106 tur,
243 1037 426 1112 elegantem
452 1036 631 1098 orationem
655 1042 712 1095 aut
727 1036 945 1094 invenustam.
978 1036 1016 1095 In
1033 1036 1122 1095 Bello
1139 1035 1254 1111 Hispa-

156 1143 263 1205 niensi
286 1148 319 1202 et
334 1142 426 1211 Bello
443 1141 556 1201 Africo
580 1141 757 1210 maximam
781 1143 907 1216 partem
931 1141 966 1208 id
982 1142 1132 1201 adhiberi
1149 1159 1253 1219 genus

155 1249 301 1324 dicendi,
337 1248 425 1321 quod
458 1263 564 1306 sermo
594 1249 736 1309 rusticus
766 1248 830 1306 vel¹
849 1248 998 1323 plebeius
1027 1252 1116 1308 recte
1145 1251 1254 1325 appel·

154 1356 253 1432 latur,
287 1355 440 1414 omnibus
474 1363 588 1414 notum
620 1357 678 1414 est.
737 1354 852 1427 Itaque
886 1355 968 1423 nulli
1003 1356 1253 1429 admirationem

155 1479 288 1525 movere
321 1467 437 1538 potest,
473 1461 561 1535 quod
596 1460 777 1534 particulae
812 1461 1020 1535 copulativae
1053 1463 1084 1520 et
1116 1469 1149 1519 et
1181 1477 1253 1541 qne,

155 1569 276 1643 quibus
300 1583 406 1638 sermo
430 1568 580 1643 plebeius
603 1566 746 1625 maxime
768 1565 859 1625 iavet
872 1561 906 1639 ¹),
931 1567 1195 1640 frequentissime
1219 1569 1253 1627 in

155 1676 208 1737 his
235 1675 356 1734 libellis
384 1673 608 1734 inveniuntur.
655 1671 775 1733 Contra
799 1689 838 1731 ea
868 1673 1031 1748 particula
1053 1675 1153 1752 alque
1176 1671 1253 1749 (ac),

155 1798 241 1857 quae
264 1766 458 1857 praesertim
482 1780 641 1838 sermonis
664 1778 791 1849 urbani
804 1779 937 1855 propria
954 1786 1012 1851 est,
1037 1781 1106 1839 fere
1123 1782 1254 1841 omnino

155 1904 221 1950 non
245 1892 423 1962 usurpatur
446 1887 480 1945 in
496 1885 587 1952 Bello
603 1885 824 1959 Hispaniensi,
848 1886 881 1944 in
906 1901 970 1959 quo
987 1887 1134 1960 profecto
1150 1889 1255 1946 omnis

155 1996 301 2061 varietas
331 1993 571 2069 elegantiaque
592 1993 625 2052 in
657 1992 827 2052 sententiis
855 1994 1067 2053 conserendis
1097 2000 1130 2052 et
1158 1997 1255 2070 parti·

155 2103 240 2162 culis
271 2100 434 2177 eligendis
463 2099 565 2159 deest.
612 2099 735 2163 Adsero
766 2114 919 2168 numeros
948 2100 1007 2160 hos
1042 2101 1255 2175 comparandi

155 2223 274 2269 causa:
728 2262 730 2267 ,
888 2236 919 2277 ,·
1073 2271 1075 2274 ⁴

440 2298 482 2357 et.
645 2312 716 2375 qne.
827 2297 965 2381 ...atque
978 2292 1054 2372 (ac).
1160 2372 1162 2381 Ι

329 2405 383 2465 Af.
430 2398 495 2473 280
608 2395 610 2397 ’
649 2397 713 2464 467
826 2480 829 2486 1
933 2397 996 2463 155

329 2513 371 2572 Η.
431 2505 493 2570 148
658 2503 701 2568 82
824 2541 826 2545 ν
950 2504 1008 2583 2²)

191 2661 205 2700 2.
226 2690 229 2694 Α
247 2667 249 2671 .
265 2619 335 2679 Iam
358 2617 436 2676 satis
460 2633 504 2676 ex
527 2617 574 2675 eis
591 2633 675 2691 quae
692 2616 762 2677 dixi
779 2615 987 2676 manifestum
1012 2623 1071 2688 est,
1095 2633 1161 2677 non
1185 2618 1255 2677 sine

158 2741 259 2785 causa
283 2725 366 2784 hanc
390 2723 645 2799 disputationem
669 2724 750 2783 fleri.

141 3099 144 3104 ,
284 3007 339 3089 11.
352 3006 447 3097 De
476 3003 729 3091 Particulis
746 3003 1055 3106 'copulativis
1084 3005 1132 3086 in

209 3174 213 3179 ·
559 3128 859 3219 Universum.

268 3311 481 3392 Grammatlci
504 3311 612 3371 Latini
624 3308 649 3386 ³)
677 3312 795 3372 docent
822 3313 870 3372 ita
900 3313 986 3373 inter
1016 3331 1050 3373 se
1078 3315 1257 3390 particulas

159 3422 201 3498 et,
219 3436 290 3501 que,
314 3422 413 3498 atque
425 3415 491 3496 (ac)
509 3419 651 3490 differre,
675 3422 711 3478 ut
728 3421 758 3479 el
775 3420 953 3498 coniungat
969 3421 1171 3496 simpliciter,
1195 3437 1257 3500 que

158 3527 320 3604 adiungat
337 3510 535 3597 accessione,
560 3527 658 3605 atque
671 3522 737 3602 (ac)
754 3527 905 3604 iniungat
921 3529 1124 3602 aequatione.
1156 3530 1258 3589 Recta

159 3644 211 3694 est
234 3635 314 3694 haec
337 3636 393 3694 lex
416 3636 450 3694 in
474 3635 676 3712 universum,
700 3634 758 3692 sed
782 3630 817 3693 re
840 3635 912 3710 ipsa
935 3642 1026 3693 tanta
1050 3642 1099 3693 est
1114 3635 1257 3693 varietas

157 3816 1256 3877 azaelem.1224.2:ao.5226.8=3o.1:32323t123a

159 3909 936 3973 1:52.b:tl.78270.2:71:lacaena·
1040 3923 1042 3928 ·

141 4070 145 4079 .
225 4062 227 4067 ‚
248 4062 249 4067 ἵ
269 4001 295 4068 1)
315 3998 359 4056 Cf.
373 3999 559 4070 Sagcbadss,
578 3998 703 4054 Observ.
717 3997 818 4053 Gram.
833 3998 863 4052 in
877 3997 1062 4065 Petronium,
1081 3996 1168 4052 Halle
1179 3998 1257 4065 1880,

158 4107 188 4161 p.
208 4089 253 4145 32.
291 4088 395 4160 Reisig
414 4087 466 4143 ΙΙΙ.
487 4104 516 4159 p.
530 4088 606 4158 195.ἶ
978 4151 981 4154 ⁴
1011 4136 1013 4143 .
1168 4155 1170 4165 ¹
1203 4136 1207 4161 Ἰ.

267 4173 584 4246 2)H.13.5:41.52
625 4176 694 4230 Duo
715 4175 765 4229 alii
785 4176 840 4229 loci
871 4175 924 4244 [23.
943 4175 960 4229 5
980 4194 987 4229 ε
1005 4175 1049 4229 41.
1069 4173 1096 4243 ὃ]
1125 4175 1258 4228 incertis·

159 4267 229 4321 simi
248 4271 326 4321 sunt.
1060 4271 1085 4274 “
1205 4269 1207 4273 ’

269 4352 298 4422 3)
317 4351 361 4409 Ci.
380 4352 471 4408 Hand
489 4353 528 4408 II.
547 4370 574 4425 p.
593 4352 661 4422 4673
680 4351 801 4423 Zumpt:
819 4349 921 4407 (iram.
940 4351 1006 4405 Lat.
1027 4353 1042 4415 ξ
1061 4349 1125 4404 333ζ
