2910 5016
387 1329 670 1395 SENTENTIAE
695 1327 1065 1396 CONTROVERSAE.

678 1522 785 1532 -η-

178 1659 206 1722 1.
232 1662 342 1723 Oratio
361 1662 442 1721 Belli
459 1662 677 1721 Alexandrini
702 1633 757 1731 est,
774 1662 896 1722 indicio
919 1661 1062 1734 Hirtium
1086 1678 1150 1719 11011
1175 1661 1278 1720 fuisse

233 1774 409 1827 auctorem.

174 1903 205 1966 2.
230 1906 321 1967 Caes.
346 1907 382 1964 Β.
407 1904 443 1965 G.
468 1901 497 1965 i.
515 1900 568 1965 35.
585 1901 616 1964 4.
641 1906 790 1980 plerique
820 1906 915 1964 codd.
941 1901 1050 1984 captis
1075 1901 1276 1984 quibusdam

231 2009 434 2099 cohortibu33
468 2013 567 2071 velim
601 2014 711 2088 legere
744 2006 916 2090 completis
939 2007 1141 2090 quibusdam
1165 2001 1297 2070 001101·-Ι

166 2171 169 2175 .
232 2114 330 2179 tibus.

174 2253 205 2317 3.
231 2259 309 2317 Beli.
335 2257 429 2316 Alex.
454 2252 508 2315 25.
525 2252 556 2314 2.
584 2258 631 2314 ite
659 2242 864 2330 legendum?
883 2251 1001 2335 Itaque
1026 2251 1275 2336 0000111000-

230 2357 328 2442 viqiis
351 2356 431 2421 iocis
455 2356 584 2421 idoneis
608 2357 654 2420 aci
679 2354 853 2440 Canopum
876 2357 913 2419 io
937 2357 1080 2420 statione
1105 2356 1279 2440 dispositis
1305 2450 1307 2453 v

230 2461 484 2525 insidiabantur
507 2462 631 2526 nostris
654 2461 903 2526 commeatibus.

99 2589 102 2593 ’
173 2593 205 2656 4.
231 2599 325 2656 Errat
360 2597 560 2657 Schmalzius
596 2596 814 2671 (Lateinische
844 2577 977 2672 'Syntax
1012 2579 1127 2670 ilus)
1164 2597 1279 2655 dicens

230 2703 312 2760 duos
345 2702 557 2776 imperativos
592 2703 828 2777 antiquissimis
863 2703 1066 2778 temporibus
1089 2695 1279 2774 ἀσυνδὲτως

231 2823 291 2882 pro
315 2807 430 2883 regula
453 2808 615 2882 componi.

173 2939 205 3004 5.
230 2945 329 3021 Verg.
354 2949 433 3004 Aen.
448 2947 473 3004 Ι.
489 2940 564 3009 198.Ι
602 2947 736 3007 Servius
752 2949 996 3022 interpretatur.
1035 2937 1145 3005 “Bene
1170 2953 1280 3006 autem

109 3064 112 3070 '
230 3048 336 3112 socios
353 3052 447 3122 dixit,
471 3057 508 3112 ut
524 3069 558 3111 se
575 3054 622 3111 eis
646 3049 879 3127 exaequaret''.
919 3053 1163 3125 Potiusversus
1179 3053 1279 3111 inter·

231 3159 410 3232 pretendas
434 3159 494 3216 ita:
518 3154 567 3218 “0
592 3159 682 3228 socii,
708 3160 810 3218 etita
834 3175 892 3218 vos
915 3166 1006 3244 recte
1027 3159 1168 3233 appello,
1192 3146 1281 3232 quod

231 3279 296 3322 non
321 3264 525 3323 immemores
550 3281 660 3325 sumus
689 3272 764 3324 ante
789 3265 958 3333 malorum,
983 3264 1104 3338 quibus
1132 3264 1281 3323 ferendis

230 3370 373 3428 maxime
396 3370 543 3429 homines
566 3371 601 3428 in
624 3370 774 3429 intimam
797 3370 975 3428 amicitiam
999 3365 1227 3443 perveniant''.

175 3502 205 3567 6.
230 3509 325 3585 Prop.
350 3509 405 3570 IV.
422 3503 453 3566 3.
470 3503 524 3566 48.
549 3510 647 3567 velim
672 3510 796 3585 legero:
822 3501 969 3569 Astrioto
994 3505 1030 3568 io
1053 3503 1280 3589 9100100111-

229 3630 309 3694 9010
332 3610 433 3674 oeot't
457 3625 572 3692 aquas.

176 3750 205 3814 i.
230 3755 301 3813 Non
326 3758 414 3813 recte
438 3755 600 3829 praecipit
615 3755 801 3832 Draegerus
825 3751 1040 3830 (Historische
1065 3754 1194 3830 Syntax
1219 3755 1279 3813 der

231 3860 458 3920 Lateinischen
482 3860 625 3936 Sprache
650 3861 689 3921 11.
707 3878 736 3942 pf
753 3855 809 3936 35)
839 3876 968 3936 semper
991 3861 1188 3936 particulam
1218 3865 1282 3938 que

231 3967 526 4040 praepositionibus
555 3968 728 4042 disyllabis
751 3983 836 4041 quae
860 3967 893 4026 in
916 3969 1058 4026 litteram
1083 3975 1105 4025 a
1129 3967 1283 4025 desinant

232 4071 378 4147 edlungi.

173 4195 204 4260 8.
229 4201 267 4259 In
291 4201 360 4261 Cat.
385 4202 440 4260 IV.
457 4196 488 4261 6.
517 4209 596 4276 puto
620 4201 811 4262 Ciceronem
841 4204 888 4262 ita
919 4204 1112 4278 scripsisse:
1140 4198 1284 4264 010031-

229 4300 303 4365 1001
325 4303 524 4367 sententiam
546 4303 639 4387 sequi
662 4303 862 4386 malueritis,
884 4304 990 4389 focile
1015 4325 1067 4368 me
1099 4312 1200 4389 atque
1224 4325 1283 4370 vos
