2916 5026
240 610 335 688 Quod
359 612 477 672 attinet
500 612 544 671 ad
565 627 671 689 genus
687 611 853 682 orationis,
877 612 963 672 inter
987 628 1099 673 omnes
1109 607 1134 689 ¹)
1159 629 1232 673 con·

130 725 198 776 stat
222 721 311 794 apud
335 718 506 778 historicos
526 719 612 778 inter
627 718 806 794 particulas
822 721 854 779 et
870 725 902 778 et
917 735 979 798 que
995 737 1060 779 non
1076 736 1230 796 maguum
1336 709 1337 713 ’

129 826 261 885 numeri
297 825 473 885 discrimen
508 825 729 895 intercedere,
770 824 829 883 sed
864 840 977 884 earum
1012 825 1231 900 frequentiam

130 934 235 992 multo
268 932 425 991 maiorem
458 948 529 991 esse
563 948 661 1006 quam
690 931 928 991 coniunctionis
957 930 1065 1011 atque.
1112 930 1232 992 Contra

129 1053 172 1095 ea
188 1037 278 1112 apud
294 1042 451 1114 oratores,
475 1038 596 1112 quibus
619 1043 669 1097 est
686 1043 806 1098 natura
821 1037 1040 1097 redundantia
1055 1037 1232 1097 verborum

129 1143 238 1201 maier
261 1145 293 1201 et
316 1143 494 1219 superlatio
518 1144 690 1218 quaedam,
721 1144 885 1219 particula
908 1137 1083 1223 alqoeioc)
1105 1149 1232 1202 ceteras

129 1248 312 1322 particulas
335 1265 470 1308 numero
494 1265 599 1324 paene
622 1257 742 1324 aequat
765 1257 797 1309 et
817 1265 1061 1324 nonnumquam
1077 1249 1124 1307 eis
1140 1263 1231 1323 prae·

128 1356 232 1414 valet.
278 1356 430 1431 Exempli
453 1355 562 1433 gratia
588 1372 742 1417 numeros
772 1356 897 1434 adfero,
933 1373 1014 1432 quos
1037 1354 1175 1432 Ringius
1198 1359 1232 1413 et

129 1460 298 1522 Mertenus
322 1462 546 1539 conlegerunt.

332 1592 339 1607 .
684 1555 715 1614 ct
855 1570 918 1633 que
1007 1548 1184 1632 atquewo)

221 1654 352 1718 Curtius
375 1656 459 1717 Hist.
483 1657 509 1718 Ι.
533 1658 576 1718 ΙΙ.
661 1654 728 1718 470
858 1653 925 1719 350
1078 1650 1120 1718 75

222 1760 301 1822 (iate
324 1761 373 1822 De
396 1762 488 1840 Agri.
661 1759 728 1825 510
858 1760 924 1826 202
1099 1756 1120 1823 5

222 1866 301 1928 Cato
325 1867 497 1930 Orationes
685 1866 730 1931 24
884 1867 925 1931 14
1078 1863 1120 1929 76

222 1972 288 2034 Cio.
312 1974 375 2034 Pro
397 1975 480 2052 Imp.
504 1977 616 2053 Pomp.
665 1973 729 2037 124
881 1972 924 2037 69
1057 1969 1120 2034 133

128 2080 246 2154 Neque
262 2079 411 2141 Caesaris
427 2099 490 2142 nec
504 2083 917 2145 Pseudo-Caesarianorum
934 2083 1130 2157 scriptorum
1147 2098 1232 2141 com·

128 2185 284 2245 mentarii
308 2203 382 2246 cum
406 2188 468 2248 hac
492 2189 721 2258 observatione
742 2198 900 2268 pugnant.

679 2299 711 2356 ct
851 2312 913 2377 que
1004 2297 1103 2373 atquc
1117 2288 1182 2370 (ac)

222 2397 313 2458 Caes.
337 2398 417 2458 Bell.
434 2396 518 2460 Gall.
666 2396 731 2461 908
863 2395 928 2460 886
1058 2392 1124 2457 619

265 2549 281 2585 „
341 2505 422 2565 Bell.
438 2503 507 2566 Gir.
666 2501 733 2567 654
863 2501 929 2565 830
1058 2498 1124 2562 459

222 2611 306 2671 Hirt.
339 2612 419 2671 Bell.
435 2610 519 2672 Gall.
532 2613 619 2673 VIII.
690 2606 732 2672 75
865 2607 929 2670 125
1008 2669 1010 2673 ,
1080 2604 1124 2669 59

336 2718 417 2777 Bell.
431 2717 526 2778 Alex.
666 2714 731 2778 208
863 2711 928 2778 252
1061 2711 1125 2775 114

239 2823 328 2896 Loci,
352 2825 465 2899 quiin
489 2825 580 2885 Bello
604 2827 715 2887 Africo
739 2830 772 2885 et
795 2826 886 2886 Bello
909 2823 1120 2901 Hispaniensi
1143 2823 1233 2882 inve·

130 2932 278 3001 niuntur,
302 2930 391 2991 idem
414 2937 547 2992 monent
560 2928 596 3008 ²).

130 3231 211 3312 III.
266 3229 336 3312 De
364 3231 534 3312 harum
561 3229 902 3331 particularum
930 3232 978 3311 in
1006 3229 1151 3310 certis
1180 3231 1231 3311 et

289 3354 597 3437 sollemnibus
624 3354 945 3437 locutionibus
974 3375 1077 3436 usu.

239 3535 287 3594 Ne
311 3536 345 3595 in
368 3535 466 3595 certis
490 3535 622 3610 quidem
646 3540 679 3594 et
702 3534 914 3594 sollemnibus
937 3533 1158 3595 locutionibus
1174 3532 1232 3591 La·

129 3642 193 3700 tini
219 3642 394 3716 scriptores
417 3642 494 3700 fixis
517 3642 673 3700 cancellis
692 3641 932 3715 circumscripti
950 3646 1035 3710 sunt,
1060 3648 1132 3699 uta
1148 3656 1230 3698 com-

129 3748 282 3824 pluribus
312 3749 417 3809 doctis
429 3743 455 3822 3)
485 3755 534 3807 est
564 3748 734 3808 monitum.
781 3747 825 3807 Ut
854 3762 976 3821 pouces
1007 3763 1050 3805 ex
1082 3746 1231 3821 plurimis

127 3854 213 3914 loeis
236 3869 497 3925 commemorem,
521 3854 675 3931 legimus:

240 3999 268 4066 1)
287 3997 331 4054 Cf.
351 3997 491 4067 Draeger
508 3995 548 4051 II.
567 4012 595 4066 p.
608 3995 658 4066 ³43
683 3997 781 4067 Ringe
800 4013 829 4067 p.
843 3998 873 4064 13
897 3996 1014 4052 Merten
1033 4012 1061 4066 p.
1080 3997 1112 4066 43
1130 3996 1232 4052 Klam-

127 4101 198 4142 mer
216 4103 244 4156 p.
265 4087 290 4142 1.

238 4173 407 4244 mapa

238 4262 267 4330 3)
286 4261 330 4318 Of.
349 4262 448 4318 Ballas
468 4279 495 4333 p.
517 4263 563 4333 183
595 4262 748 4319 Klammer
769 4280 797 4334 p.
818 4264 852 4318 14
871 4280 966 4337 seqq.;
997 4263 1113 4319 Merten
1133 4279 1161 4336 p.
1180 4261 1230 4333 8ος

127 4351 272 4423 Draeger
290 4351 327 4407 11.
347 4369 376 4424 p.
394 4351 431 4407 40
449 4366 530 4423 seqq.
550 4356 628 4424 etp.
647 4352 683 4408 66
702 4367 784 4424 seqq.
