2916 5026
643 429 800 484 ⁵4-

177 617 210 673 et
226 610 401 671 diversitas
418 611 506 687 apud
522 611 698 687 scriptores
713 613 811 673 etiam
831 612 979 689 optimos,
1003 618 1040 671 ut
1054 612 1151 673 unius
1169 613 1280 675 cuius·

178 735 242 792 que
265 717 446 792 particulae
469 733 548 778 usus
572 720 670 778 certis
693 724 792 794 atque
809 718 972 778 distinctis
995 718 1116 779 tinibus
1139 719 1280 780 circum·

178 824 278 884 scribi
307 839 371 882 non
401 823 499 882 facile
529 825 642 899 possit.
688 825 816 884 Etenim
846 829 976 899 praeter
1000 825 1066 884 vim
1091 827 1278 897 vetustatis,

178 929 415 1000 adsuetudinis,
452 930 688 1006 desuetudinis,
723 946 787 989 non
812 931 916 990 solum
939 931 1042 991 libido
1077 932 1279 1006 scriptorum

177 1036 386 1111 respicienda
407 1051 522 1095 verum
545 1036 644 1095 etiam
668 1037 832 1112 euphonia
854 1052 1005 1097 sonorum
1030 1043 1063 1096 et
1084 1037 1279 1097 discrimine

177 1142 308 1220 generis
331 1141 523 1200 litterarum.
570 1142 778 1201 Manifestum
801 1143 888 1201 enim
912 1148 962 1202 est
990 1143 1129 1202 oratoris
1156 1159 1279 1203 sermo·

177 1264 253 1308 nem
277 1263 348 1307 esse
372 1247 564 1306 dissimilem
588 1253 686 1323 atque
709 1248 867 1319 historici,
904 1255 936 1308 et
965 1248 1061 1308 huius
1091 1264 1276 1310 sermonem

178 1357 220 1415 ad
245 1354 384 1414 eundem
409 1353 542 1414 modum
566 1354 698 1415 differre
722 1356 764 1415 ab
788 1371 937 1415 sermone
960 1355 1115 1415 familiari
1134 1351 1278 1433 volgari-

177 1478 250 1537 que.
298 1461 423 1519 Tamen
447 1460 504 1519 illa
527 1459 749 1536 discrepantia
773 1463 1017 1537 particularum,
1053 1478 1150 1537 quam
1174 1478 1278 1538 supra

178 1567 441 1637 commemoravi,
482 1567 570 1640 apud
604 1567 707 1628 bonos
743 1569 876 1643 quidem
911 1569 1086 1643 scriptores
1120 1585 1276 1645 magnam

176 1682 303 1750 partem
327 1673 505 1748 praevalet,
538 1674 654 1732 saltem
678 1675 880 1749 temporibus
903 1675 1027 1734 liberae
1050 1675 1098 1734 rei
1122 1675 1277 1750 publicae

178 1787 210 1838 et
239 1779 417 1854 primorum
446 1778 692 1852 imperatorum.
736 1779 853 1838 Postea
884 1781 989 1857 magis
1019 1782 1189 1859 magisque
1217 1782 1278 1840 lex

177 1886 328 1960 neglecta
351 1887 384 1943 et
406 1884 521 1944 harum
545 1885 781 1959 particularum
804 1902 883 1946 usus
906 1893 956 1945 est
980 1887 1143 1947 confusus.

283 1991 459 2050 Praeterea
482 1996 532 2050 est
552 1991 618 2050 alia
634 2008 744 2069 causa,
768 2008 852 2066 quae
867 1993 1045 2052 maximam
1062 1994 1277 2069 disputationi

176 2099 273 2159 huius
296 2099 427 2176 generis
444 2097 669 2158 difficultatem
685 2098 803 2158 adfert.
843 2099 923 2158 Dico
940 2099 1196 2159 innumerabiles
1212 2100 1277 2160 lec·

177 2206 282 2266 tiones
306 2205 425 2264 dubias
449 2210 694 2281 corruptasque,
719 2206 862 2280 quaein
891 2206 941 2265 his
966 2206 1135 2280 particulis
1163 2223 1277 2267 occur-

177 2317 263 2370 runt.
309 2310 392 2369 Nam
416 2326 481 2370 non
503 2311 608 2371 solum
632 2312 763 2371 codices
792 2312 855 2387 ipsi
879 2313 990 2372 multis
1017 2314 1098 2372 locis
1121 2319 1197 2373 sunt
1221 2314 1276 2372 de-

177 2416 316 2492 pravati,
351 2423 388 2476 nt
416 2417 514 2476 facile
544 2423 650 2492 potest
680 2417 827 2494 intellegi
861 2434 903 2477 ex
937 2419 1140 2493 compendiis
1172 2435 1276 2494 prope

177 2525 349 2594 similibus,
373 2524 493 2598 quibus
515 2523 695 2598 particulae
712 2524 860 2582 denotari
877 2524 1035 2592 solebant,
1060 2525 1119 2584 sed
1142 2542 1182 2584 ne
1207 2541 1277 2584 mu·

177 2636 247 2688 tare
276 2631 409 2704 quidem
438 2630 481 2689 ad
508 2631 638 2690 libitum
666 2632 764 2690 aliam
794 2631 890 2690 aliter
913 2631 1039 2690 librarii
1062 2638 1096 2691 et
1118 2648 1277 2691 nonnum·

176 2750 274 2809 quam
299 2751 358 2794 sua
381 2735 515 2794 licentia
539 2737 717 2810 particulas
741 2736 863 2795 addere
888 2736 1132 2797 dubitaverunt.

283 2840 455 2901 Caesarem
488 2859 562 2902 cum
597 2843 786 2902 discrimine
820 2843 878 2902 has
913 2845 1084 2918 particulis
1123 2844 1274 2920 elegisse,

177 2949 326 3022 apertum
351 2955 400 3007 est
424 2965 466 3007 ex
489 2949 639 3023 plurimis
663 2950 753 3019 locis,
777 2950 883 3009 velut:

284 3049 432 3134 Infantis
455 3056 554 3133 ntqne
577 3050 762 3134 indignitas
785 3051 836 3113 rei
859 3055 890 3114 et
914 3051 1087 3137 oppositas
1102 3070 1198 3114 mons
1216 3047 1275 3116 Oe-

176 3175 286 3219 senna
308 3155 504 3239 viarumque
527 3155 715 3242 difficultas
736 3156 948 3240 impediebat.
974 3157 1004 3222 l.
1028 3155 1081 3220 56.
1106 3157 1138 3221 2.

283 3262 471 3346 Deprensis
493 3263 636 3327 naoibns
652 3263 785 3327 circiter
799 3264 1043 3349 quinquaqinta
1060 3264 1274 3347 celeriterque

177 3369 363 3434 coniunctis
386 3375 484 3453 atque
509 3388 545 3433 eo
568 3368 732 3434 militibus
753 3369 886 3434 iniectis
909 3377 940 3435 et
964 3371 1014 3434 rei
1037 3371 1184 3435 novitate
1194 3388 1274 3453 per-

178 3475 306 3540 territis
329 3475 521 3558 oppidanis,
557 3522 564 3538 .
590 3523 597 3538 .
623 3521 631 3537 .
660 3475 732 3538 sine
756 3475 962 3541 contentione
986 3475 1110 3560 oppido
1127 3476 1273 3559 potitur.

178 3580 208 3645 l.
231 3579 285 3647 58.
309 3580 342 3643 4.
590 3572 592 3574 ’
1024 3587 1026 3592 ’

284 3691 403 3752 Contra
431 3708 470 3751 ea
499 3698 648 3767 apertum
678 3697 728 3752 est
750 3693 815 3751 iam
845 3699 921 3751 ante
951 3692 1099 3753 Caesaris
1131 3686 1272 3752 aetatem

177 3800 355 3874 particulas
385 3799 456 3858 sine
486 3800 553 3859 ullo
582 3799 771 3858 discrimine
799 3799 832 3856 in
856 3799 1021 3859 nonnullis
1045 3799 1274 3858 conlocationi-

177 3908 249 3981 bus,
284 3905 445 3979 imprimis
477 3906 511 3963 in
541 3905 648 3981 figura
675 3920 759 3979 quae
789 3904 973 3978 hendiadys
1002 3911 1140 3964 vocatur
1168 3913 1200 3964 et
1230 3906 1273 3963 ad

177 4011 413 4086 explicativum
443 4013 624 4070 membrum
653 4019 710 4070 aut
738 4011 942 4069 enuntiatum
970 4010 1216 4087 adiungendum
1240 4019 1273 4070 et
1301 3993 1303 3996 ¹

176 4117 219 4176 ad
242 4117 498 4188 adversativum,
523 4133 594 4176 esse
617 4122 791 4192 usurpatas
805 4112 841 4190 ¹).

284 4334 312 4402 1)
331 4333 374 4390 Cf.
393 4333 533 4405 Draeger
551 4335 588 4390 ΙΙ.
608 4352 636 4406 p.
655 4335 698 4391 st.
