2916 5026
651 428 829 489 ..m-

184 609 271 671 enim
305 610 339 671 iu
372 611 495 673 fabulis
525 612 681 686 plautinis
696 608 720 688 ¹)
749 614 925 675 iuvenitur.
972 611 1092 677 Contra
1116 632 1156 677 ea
1178 632 1288 679 recen·

184 717 324 780 tioribus
346 717 562 792 'temporibus
577 713 602 792 ²)
638 719 717 778 satis
752 735 850 794 saepe
889 722 1041 783 occurrit.
1103 722 1288 783 Probabilis

183 839 284 882 causa
307 822 437 887 vitandi
462 825 511 880 est
534 838 598 896 quo
622 824 797 884 iucundior
820 826 862 884 ad
880 842 975 885 aures
992 843 1090 886 sonus
1106 828 1286 902 perveniat.
1403 842 1407 849 ’

182 931 253 989 Nec
280 929 401 992 Caesar
432 946 493 988 nee
521 929 849 994 PseudeCaesariaui
882 932 1057 1007 scriptores
1086 949 1224 1008 usquam
1254 935 1288 995 in

182 1037 268 1096 hane
291 1037 399 1110 legem
423 1035 602 1105 offendunt,
627 1037 684 1095 tali
701 1038 782 1106 loco,
807 1053 954 1116 proque,
979 1039 1010 1097 et
1033 1041 1089 1098 aut
1112 1040 1211 1119 utque
1235 1056 1288 1115 po·

182 1149 299 1204 nentes
324 1137 366 1218 (e.
390 1158 422 1218 g.
447 1136 511 1201 inc
535 1143 634 1218 utque
657 1136 748 1212 iiiuc,
773 1143 826 1203 Af.
845 1137 897 1202 73.
914 1139 959 1217 3).

327 1373 356 1423 ο.
388 1358 470 1435 Que
494 1366 703 1440 particula
725 1367 763 1425 in
789 1367 995 1427 enuntiati
1019 1369 1139 1428 exitu.

229 1485 231 1488 ’
292 1505 430 1563 Perraro
453 1505 487 1563 in
512 1506 671 1564 enuntiati
696 1506 788 1565 exitu
812 1507 889 1582 poni
913 1523 974 1584 que
1001 1523 1066 1567 non
1092 1515 1141 1567 est
1168 1510 1286 1570 miran-

181 1614 272 1695 dum,
308 1610 383 1670 iiam
413 1613 517 1670 solent
541 1613 619 1670 boni
643 1613 837 1687 venustique
866 1613 1041 1688 scriptores
1065 1616 1200 1690 gravius
1224 1616 1286 1675 for·

179 1718 312 1791 tiusque
344 1717 481 1776 verbum
516 1725 670 1792 appetere
704 1717 745 1775 ad
783 1719 978 1777 sententiam
1014 1720 1284 1780 concludendam.

179 1823 296 1895 Itaque
329 1821 365 1879 fit
393 1824 429 1880 ut
461 1823 549 1896 apud
574 1821 763 1883 Ciceronem
777 1819 802 1898 8)
832 1840 1010 1898 numquam
1040 1840 1101 1902 que
1135 1826 1284 1886 ultimum

180 1917 290 1987 locum
315 1928 471 1986 obtineat.
519 1927 592 1999 Sed,
629 1934 666 1987 ut
688 1930 758 1989 fleri
783 1932 874 2001 solet,
911 1932 1109 2005 procedente
1139 1938 1284 2006 tempore

181 2035 447 2111 neglegentiores
471 2051 505 2093 se
529 2035 561 2093 in
587 2036 649 2094 hac
673 2053 708 2095 re
733 2038 908 2112 scriptores
932 2039 1101 2112 gerebant,
1126 2052 1224 2111 quam
1242 2039 1284 2096 ob

180 2156 251 2198 rem
275 2140 375 2198 semel
397 2147 429 2198 et-
453 2140 582 2217 saepius
606 2142 687 2200 haec
712 2142 844 2200 dicendi
868 2142 1097 2217 improprietas
1121 2143 1209 2217 apud
1233 2143 1283 2201 Li·

179 2245 281 2314 vium,
295 2244 495 2317 Suetonium,
508 2247 732 2321 imprimisque
744 2246 886 2306 Plinium
899 2231 1085 2308 Secundum
1103 2256 1240 2324 apparet
1247 2245 1272 2324 4)

180 2351 428 2411 Commentariis
445 2351 594 2412 Caesaris
610 2353 859 2429 diligentissime
876 2343 1091 2429 perlustratis,
1116 2356 1200 2414 solos
1217 2367 1283 2416 tres

59 2440 61 2445 ¹
180 2458 269 2516 locos
293 2458 438 2532 repperi:

289 2565 320 2622 et
342 2559 420 2622 item
436 2560 622 2642 separatim
632 2561 744 2644 pueri,
769 2581 863 2625 senes
883 2559 1111 2644 mulieresque.
1139 2562 1279 2629 1.29.1.

289 2670 320 2729 et
340 2684 406 2748 pro
427 2671 505 2729 rato
517 2673 620 2749 purte
637 2667 886 2731 centurionibus
902 2668 1115 2750 euocatisque.
1141 2674 1167 2732 Ι.
1185 2669 1233 2734 li.
1248 2670 1279 2734 4.

286 2771 506 2834 subsecuntur
521 2772 649 2835 tribuni
664 2772 811 2836 miiitum
827 2774 1110 2856 centurionesque.
1131 2764 1159 2838 I.
1177 2775 1229 2866 76.
1249 2775 1280 2840 3.

178 2883 230 2940 Ex
254 2883 488 2957 supplementis
512 2889 642 2958 praesto
666 2887 715 2942 est
737 2900 839 2943 unum
864 2886 1066 2960 exemplum:
1234 2886 1235 2891 ’
1267 2879 1269 2883 ’

288 2989 319 3047 et
347 2990 525 3067 praetereo
558 2985 736 3069 intercepti
762 2985 906 3049 hostiurn
934 2986 1122 3069 complures
1157 2990 1281 3070 equites

173 3077 380 3172 peditesque.
405 3092 458 3154 Af.
478 3090 529 3154 19.
549 3092 577 3154 1.

285 3201 369 3259 Nam
393 3202 434 3260 de
458 3202 620 3261 industria
642 3204 754 3261 omitto
778 3198 885 3262 locum
910 3205 947 3262 A.
965 3197 1018 3262 25.
1036 3199 1071 3262 2:

287 3302 406 3384 Itaque
428 3303 596 3387 expeditis
612 3304 757 3389 nooiqiis
780 3303 860 3367 iocis
883 3304 1012 3368 idoneis
1036 3305 1082 3368 uei
1106 3295 1279 3390 Canopum

176 3408 216 3471 in
238 3408 382 3473 statione
406 3408 579 3492 dispositis
602 3409 743 3474 nauibus
766 3409 1019 3473 insidiabuntur
1045 3412 1170 3475 nostris
1193 3431 1279 3475 conc-

175 3495 363 3595 meutuque.
482 3511 484 3515 ’
1117 3530 1119 3534 ·

286 3623 348 3699 Qui
378 3625 448 3683 sine
476 3625 577 3684 dublo
605 3632 778 3700 corruptus
803 3631 861 3684 est.
907 3626 1059 3699 Plerique
1083 3628 1214 3686 codices
1237 3628 1279 3687 le·

175 3736 261 3808 gunt
284 3731 477 3800 commeatu,
503 3730 599 3789 lectio
613 3715 870 3807 commeatuque,
895 3747 978 3804 quae
1003 3733 1082 3790 mihi
1106 3716 1218 3807 inepta
1234 3721 1289 3791 vi?

180 3883 398 3892 *—

286 3982 312 4050 1)
332 3980 376 4039 Cf.
396 3983 495 4039 Ballas
514 3983 536 4039 1.
557 4000 584 4055 p.
605 3984 648 4038 21.

191 4062 211 4068 ”
284 4069 312 4134 2)
331 4070 363 4124 E.
384 4087 413 4140 g.
433 4071 509 4124 Plin.
531 4071 564 4126 N.
585 4070 621 4128 H.
640 4071 684 4126 35.
704 4071 737 4126 31
758 4071 880 4142 hocque.

283 4159 311 4224 3)
331 4157 375 4214 Cf.
390 4157 494 4228 Scsscr,
514 4159 561 4214 De
581 4159 740 4214 Particulis
754 4158 942 4230 Copulativis
956 4158 1154 4224 Quaestiones
1173 4160 1277 4216 Gram-

173 4247 308 4302 matieae
328 4253 358 4301 et
377 4247 530 4316 Metrieae,
550 4248 626 4304 Diss.
645 4247 754 4318 Inaug.
773 4247 858 4302 Halis
876 4246 947 4303 Sex.
967 4249 1044 4317 1891,
1064 4266 1092 4319 p.
1112 4251 1136 4304 7.

283 4336 312 4403 4)
331 4335 375 4390 Of.
397 4336 501 4406 Reisig
520 4335 574 4390 III.
594 4336 689 4400 5933.
