2916 5026
472 426 476 431 ’
601 431 777 489 -11-

129 616 180 692 el,
197 629 454 694 numquamque
472 617 529 675 aut
545 613 643 694 atque
659 610 726 690 (oo)
743 615 936 675 intercedat.
964 617 1050 677 Ecce
1064 617 1234 692 exemplar

246 715 292 780 M.
317 717 466 782 Messala
489 720 521 782 el
544 718 591 780 Μ.
617 717 740 781 Pisone
763 716 964 793 cortentibus,
991 717 1020 783 1.
1037 719 1068 782 2.
1088 718 1117 783 l.
1188 757 1191 763 ·

246 825 398 890 eonsules
429 829 591 890 creantur
623 824 735 889 Iulius
768 821 895 889 Caesar·
927 831 958 890 et
991 825 1031 888 P.
1060 824 1235 908 Servilius,

299 931 410 995 111.1.
430 931 459 995 l.

247 1037 285 1101 L
316 1036 497 1103 Lentulum
532 1045 577 1103 et
591 1035 636 1104 Ο.
669 1036 872 1106 Marcellam
904 1037 1057 1103 oonoalee
1096 1044 1235 1114 creatos,

300 1149 384 1209 Hira
400 1141 454 1208 50.
471 1143 548 1209 4..
628 1146 631 1153 '
770 1174 772 1179 ·
971 1173 975 1180 ·

445 1354 477 1416 d.
511 1352 637 1412 'Perna
665 1346 927 1422 substantiva.
998 1384 1024 1422 ⁴.

245 1492 282 1550 ln
316 1493 504 1566 aequalium
536 1494 757 1553 membrorum
791 1493 1036 1552 enumeratione
1070 1492 1235 1551 rarissime

132 1598 289 1672 copulam
313 1599 350 1668 et
368 1597 412 1657 in
441 1598 606 1688 prioribus
635 1597 801 1657 membris
819 1594 992 1657 omissam
1002 1597 1118 1658 ultimo
1138 1597 1234 1668 addi,

130 1706 224 1764 inter
246 1716 358 1764 omnes
381 1710 518 1763 constat.
553 1703 739 1781 Madvigius
747 1700 772 1779 ¹)
797 1704 930 1778 quidem
954 1704 1123 1764 contendit
1146 1705 1235 1779 apud

133 1810 328 1871 Ciceronem
364 1811 425 1870 hoo
461 1811 592 1870 dicendi
626 1826 731 1895 genus
763 1827 942 1900 numquam
971 1811 1143 1871 inveniri.-
1163 1809 1235 1870 Sed

131 1930 203 1975 non
227 1910 438 1975 dub'iumt
388 1920 438 1975 est
456 1917 540 1991 quin
564 1917 645 1976 haec
672 1918 793 1977 locutio
817 1913 969 1977 omnibns
992 1918 1125 1994 linguae
1149 1923 1234 1975 aeta·

132 2021 226 2080 tibus
248 2029 407 2097 usurpata
430 2022 472 2081 sit
478 2017 514 2097 2).
566 2021 770 2098 Quamquam
795 2023 1015 2083 confitendum
1039 2026 1088 2080 est
1112 2037 1235 2096 paucos

131 2129 227 2186 locos
261 2127 481 2202 suppeditare.
531 2128 627 2203 Apud
662 2126 834 2189 Caesarem
871 2130 946 2188 sunt
975 2127 1040 2187 duo
1069 2127 1142 2196 loci,
1179 2127 1235 2185 ali·

132 2239 297 2308 quantum
320 2230 424 2304 dubii,
448 2239 559 2294 tamen
583 2233 675 2311 digni
699 2235 755 2309 qui
779 2234 1003 2309 inspiciantur.
1092 2259 1095 2265 ·

173 2351 310 2435 a)lnto,
323 2351 456 2437 friqore
469 2359 501 2417 et
514 2353 668 2418 adsiduis
684 2353 855 2435 imbribus,
874 2352 903 2418 l.
920 2352 973 2416 24.
992 2355 1021 2417 l.
1036 2354 1180 2433 (codices
1187 2352 1233 2432 β)ι

225 2458 355 2543 [φέροιο
382 2465 413 2523 et
436 2457 591 2536 adsiduis
614 2444 777 2525 imeritus
801 2463 945 2539 (codices
961 2461 1005 2538 α).

244 2587 374 2646 Retinet
396 2587 595 2648 vocabulum
619 2583 688 2648 luto
713 2583 980 2664 Oudendorpius3
1014 2587 1162 2663 plerique
1186 2603 1233 2645 re-

133 2694 298 2752 centiores
322 2685 474 2764 editores,
498 2693 734 2770 Nipperdeium
758 2701 941 2770 sequentes,
966 2694 1127 2755 omittunt.
1163 2693 1233 2770 Ego

133 2806 216 2874 puto
248 2789 384 2858 alteram
417 2800 501 2859 hano
540 2801 713 2860 lectionem
746 2800 1011 2876 praeferendam,
1052 2817 1128 2860 nam
1163 2800 1233 2859 sine

132 2905 206 2964 ulla
238 2905 443 2966 dubitatione
466 2901 536 2966 into
561 2908 610 2965 est
644 2907 846 2981 adscriptum
880 2907 1020 2983 margini
1053 2907 1094 2964 ab
1122 2906 1232 2981 aliquo

132 3010 270 3070 librario
294 3011 483 3093 explicandi
507 3013 625 3090 gratia,
654 3029 718 3094 quo
741 3013 838 3073 modo
858 3012 982 3098 milites
1006 3011 1153 3070 adsiduis
1177 3011 1232 3070 im·

133 3116 251 3179 bribus
274 3117 493 3178 tardarentur.
542 3195 569 3201 ..
979 3095 985 3101 “
1023 3095 1048 3101 ⁴⁴
1111 3097 1117 3103 ’

169 3236 204 3315 b)
227 3216 405 3320 Delploej
425 3236 562 3322 Thebas!
578 3244 610 3303 et
634 3191 889 3312 Orchomenum,
913 3243 970 3301 111.
987 3236 1042 3300 55.
1058 3234 1090 3300 4.

242 3365 273 3425 el
296 3363 445 3441 Scaliger
473 3365 597 3425 delevit
626 3373 658 3425 ot
691 3381 803 3425 omnes
832 3365 1030 3440 posteriores
1057 3369 1114 3424 aut
1141 3362 1232 3422 omit·

130 3472 208 3531 tunt
231 3476 287 3530 aut
309 3471 404 3530 uncis
427 3470 611 3543 includunt,
636 3473 697 3532 etsi
720 3472 754 3531 in
777 3471 928 3532 omnibns
951 3470 1121 3531 codicibus
1144 3470 1232 3529 inve·

131 3577 235 3637 nitur.
273 3576 351 3637 Sine
376 3576 477 3638 dubio
493 3578 650 3638 usitatum
666 3577 799 3639 Caesari
820 3594 925 3655 genus
942 3577 1072 3637 dicendi
1090 3578 1232 3652 postulat

129 3689 173 3745 ut
205 3685 236 3743 ot
269 3683 426 3743 deleatur.
483 3684 554 3744 Hoc
586 3684 658 3759 ipso
691 3685 823 3759 quidem
857 3685 975 3760 capite,
1000 3679 1068 3758 §L
1092 3684 1232 3761 legimus

131 3779 278 3865 Aetolia,
304 3781 512 3866 Acarnania,
537 3781 777 3869 Amphilochia.
823 3790 946 3848 Tamen
977 3789 1154 3849 auotoritas
1182 3806 1231 3848 oo·

131 3893 246 3954 dicum
278 3894 340 3954 hoc
368 3896 441 3955 loco
469 3897 595 3955 tantum
618 3896 709 3955 ¹valet
731 3902 767 3956 ut
790 3896 931 3955 retinere
955 3894 986 3954 et
1009 3895 1108 3955 velim
1133 3902 1166 3954 et
1189 3895 1230 3954 ob

130 3999 362 4061 Boeotioarum
393 4001 524 4062 urbium
557 4002 651 4076 quasi
683 4003 926 4061 foederatarum
955 4019 976 4060 a
1003 4002 1137 4078 Delphis
1168 4003 1231 4062 dis·

243 4254 269 4317 1)
288 4252 414 4325 Madvig
430 4253 487 4324 Op.
506 4253 600 4309 Acad.
620 4253 643 4309 1.
664 4272 691 4326 p.
711 4255 772 4312 333.
812 4309 816 4313 .

242 4339 272 4411 2>
291 4340 334 4397 Of.
354 4342 494 4414 Draeger
514 4343 551 4398 II.
571 4360 599 4414 p.
618 4346 643 4400 3.
