2916 5026
585 442 760 501 ..41-

109 621 338 705 tationesque,
367 618 398 683 l.
425 618 475 683 16.
500 619 535 684 3:
572 625 674 687 multa
699 626 773 684 alia.
820 625 1054 703 supplementa
1083 626 1217 701 quidem

110 731 270 792 Caesaris
294 732 355 790 bac
378 748 413 790 re
437 747 592 808 magnam
616 731 701 790 inter
724 747 759 790 se
779 732 1031 807 discrepantiam
1050 734 1216 792 exhibent.

112 839 248 899 Hirtius
270 839 352 897 hacc
377 844 503 897 tantum
527 839 679 913 exempla
702 839 853 912 praebet:
877 833 1150 918 calliditatisque,
1166 832 1216 898 16.

111 941 154 1006 3:
175 939 486 1026 funditoribusque,
510 938 564 1025 40.
578 938 616 1004 5:
641 940 968 1026 depopulandosque,
985 940 1039 1003 24.
1052 939 1090 1004 4:
1116 939 1218 1017 latoq-

111 1047 357 1130 ciniorumque‚
386 1044 517 1109 3211:
542 1046 900 1130 animaduerteretque,
925 1045 978 1110 33.
1006 1047 1040 1124 13
1073 1053 1218 1126 itemque

111 1161 233 1218 auctor
256 1157 339 1216 Belli
362 1156 581 1216 Alexandrini
612 1173 733 1232 pauca:
771 1150 1064 1238 Cappadociaque,
1098 1151 1153 1233 34,
1177 1152 1216 1217 2:

112 1259 466 1342 consuetudinemque,
490 1257 544 1324 65.
560 1260 595 1322 l:
620 1259 908 1344 difficultatisque,
933 1259 986 1323 60.
999 1259 1038 1324 5:
1064 1259 1217 1342 coniunc-

112 1367 359 1450 tissimumque,
371 1364 426 1429 47.
438 1364 473 1429 3:
495 1364 757 1451 fidelissimique,
770 1364 823 1438 43.
837 1368 874 1445 23
899 1371 1096 1446 paucissima
1108 1377 1218 1429 autem

112 1485 233 1537 auctor
248 1476 330 1535 Belli
347 1475 585 1551 Hispaniensis,
609 1477 675 1551 qni,
701 1493 776 1536 cum
800 1477 921 1551 alioqui
945 1478 1112 1536 liberrime
1131 1477 1218 1536 voci·

112 1585 179 1643 bus
204 1583 312 1642 minus
336 1598 435 1657 quam
451 1590 607 1657 quattuor
622 1583 823 1658 syllabarum
841 1599 902 1662 que
919 1584 1082 1653 adnectat,
1106 1590 1217 1659 tamen

111 1706 183 1749 non
208 1690 309 1748 habet
331 1689 395 1748 nisi
420 1689 594 1749 duodecim
618 1690 771 1764 exempla
794 1690 869 1749 talis
892 1689 924 1748 in
943 1695 1096 1763 quattuor
1120 1688 1217 1763 sylla-

112 1798 235 1855 barum
252 1795 390 1855 vocibus
407 1795 652 1871 compositionis
675 1802 708 1853 et
731 1795 796 1855 duo
820 1796 855 1855 in
871 1795 1015 1870 quinque
1026 1791 1061 1869 ¹).
1097 1793 1218 1854 Contra

112 1919 156 1962 ea
188 1903 223 1961 in
248 1902 338 1961 Bello
363 1901 476 1960 Africo
510 1902 592 1960 tales
626 1901 858 1967 commissurae
891 1902 1034 1960 maxime
1067 1902 1217 1974 frequen·

112 2013 243 2066 tauturr
269 2001 601 2086 consultationemque,
614 2002 668 2065 31.
685 2002 740 2066 102
764 2003 1101 2085 incolumitatemque,
1113 1999 1166 2064 45.
1180 2000 1215 2064 2.

110 2108 490 2194 pollicitationibusque,
515 2105 569 2174 35.
593 2107 632 2171 2:
659 2108 1007 2191 adversariorumque,
1032 2107 1085 2171 61.
1110 2106 1147 2170 6:
1184 2120 1216 2171 et

112 2218 259 2292 saepius,
295 2219 384 2292 quod
414 2218 564 2277 additum
595 2218 725 2294 signum
757 2224 806 2277 est
834 2218 1025 2294 proprietati
1059 2217 1224 2278 orationis·

112 2340 202 2398 quae
225 2325 312 2384 hune
335 2324 484 2384 libellum
508 2323 693 2401 distinguit.

112 2645 153 2710 2.
165 2643 222 2710 Dc
234 2643 458 2728 particulae
472 2661 554 2724 que
566 2645 827 2711 substantiva
839 2644 1116 2729 coniungentis
1129 2613 1215 2711 usu.

456 2823 485 2864 a.
515 2806 644 2865 Binae
668 2808 874 2866 notiones.

222 2929 317 2990 Ratio
341 2945 426 3003 quae
450 2929 625 2988 interduo
649 2930 858 2988 substantiva
876 2931 1059 2989 intercedat
1075 2930 1216 3004 quadru-

111 3035 192 3110 plex
217 3041 276 3106 est,
301 3051 377 3095 nam
401 3038 458 3096 aut
481 3037 667 3095 contrariae
690 3037 776 3095 inter
799 3053 834 3095 se
853 3044 928 3096 sunt
944 3053 996 3096 res
1012 3038 1215 3114 designatae,

110 3142 206 3201 velut
228 3157 318 3220 aqua
342 3140 508 3222 terraque,
533 3143 591 3201 III.
619 3138 670 3202 lt.
695 3137 726 3213 3,
763 3151 820 3202 aut
843 3145 966 3203 similes
990 3152 1215 3220 cognataeque

110 3248 206 3306 velut
229 3243 364 3308 comites
384 3244 652 3329 familiaresque,
677 3244 709 3306 6.
733 3244 787 3308 20.
812 3242 865 3326 31,
891 3256 947 3308 aut
971 3249 1134 3326 diversae,
1169 3250 1216 3307 ita

111 3359 224 3413 tamen
253 3360 290 3413 ut
317 3354 415 3413 tertia
442 3356 531 3414 notio
562 3355 724 3431 cogitetur
754 3371 839 3429 quae
870 3361 1040 3429 utramque
1072 3372 1214 3429 eompre-

112 3458 246 3529 hendat,
270 3460 363 3520 velut
381 3457 516 3520 senatui
529 3455 720 3540 populoque
733 3457 897 3538 Romano,
914 3461 939 3521 Ι.
954 3454 985 3519 9.
998 3455 1029 3530 5,
1054 3462 1111 3520 aut
1127 3477 1215 3536 pror·

111 3582 170 3624 sus
193 3565 339 3626 dissitas.
387 3566 547 3643 Quartum
571 3583 685 3643 genus,
719 3568 753 3625 in
778 3584 842 3641 quo
867 3568 985 3642 copula
1006 3581 1115 3627 merae
1140 3585 1215 3629 cnu-

110 3672 286 3732 merationi
310 3673 458 3743 inservit,
495 3680 562 3732 tam
587 3674 729 3732 alienum
761 3679 810 3732 est
841 3674 973 3748 proprio
1003 3690 1138 3733 munere
1168 3675 1215 3734 in-

111 3778 253 3854 doleque
277 3780 458 3854 particulae
482 3780 590 3852 huius,
615 3781 668 3839 cui
685 3779 830 3838 maxima
847 3780 1057 3838 devinciendi
1073 3780 1215 3840 facultas

109 3891 173 3956 est,
209 3890 245 3944 ut
277 3886 408 3963 exiguis
441 3902 520 3944 sane
549 3887 670 3945 linibus
703 3889 903 3955 coerceatur,
939 3902 1014 3944 nam
1039 3887 1120 3945 haec
1143 3904 1214 3962 pro·

108 3991 234 4062 vincia,
257 4000 295 4052 ut
318 3988 454 4068 supra⁹)
479 4001 529 4052 est
552 3993 823 4062 demonstratum,
849 3996 880 4053 et
896 3994 1077 4068 particulae
1093 3980 1239 4053 evenit(

221 4259 248 4328 1)
266 4259 575 4330 crudelissimumque,
597 4260 639 4315 15.
658 4259 675 4313 6
695 4281 702 4314 :
722 4261 986 4332 adversariosque,
1004 4263 1048 4317 31.
1069 4262 1093 4316 7.

224 4346 252 4417 2)
270 4347 345 4419 pl.
381 4407 383 4412 s
419 4416 424 4425 ι
459 4404 463 4408 ι
