2910 5016
637 389 814 483 ..44⁴-

174 670 211 788 3.
236 720 292 787 De
315 718 539 804 particulae
560 735 641 800 quc
661 717 861 784 adiectiva
884 715 1159 800 coniungentis
1182 731 1274 781 usu.

280 883 392 942 Facile
415 882 563 958 intellegi
587 887 693 957 potest
709 897 771 961 quc
786 881 968 941 secundum
991 880 1129 940 eandem
1152 880 1274 955 Iegem,
1367 912 1369 916 -

174 1007 272 1065 quam
289 991 323 1049 iu
339 989 617 1050 substantivorum
640 989 874 1063 compositione
898 986 1156 1057 observavimus,
1177 1001 1273 1060 prae·

176 1097 255 1157 ferri
288 1096 406 1156 ceteris
439 1095 610 1172 particulis
644 1095 687 1154 ad
719 1094 885 1153 adiectiva
920 1091 1159 1170 coniungenda,
1196 1107 1274 1151 cum

176 1204 360 1263 contrariae
393 1202 541 1261 notIones
573 1202 660 1260 inter
692 1216 727 1259 se
754 1202 968 1275 opponantur.
1015 1198 1158 1258 Tantum
1181 1198 1275 1274 apud

176 1309 348 1371 Gaesarem
377 1309 459 1367 haec
488 1308 544 1366 Iex
566 1307 665 1379 valet,
689 1306 730 1366 'ut
753 1307 786 1365 in
811 1306 971 1365 eiusmodi
994 1305 1217 1365 commissuris
1241 1306 1275 1365 el

175 1420 347 1489 nusquam,
372 1429 412 1474 ac
435 1430 509 1473 raro
533 1415 641 1473 Iocum
663 1414 799 1473 habeat:
823 1430 852 1471 e.
869 1428 901 1490 g.
926 1406 1060 1472 diurnis
1083 1407 1274 1472 aceias-rtis·

176 1511 251 1600 qsa'
275 1516 303 1580 l.
324 1514 377 1579 66.
400 1514 451 1580 31
478 1520 534 1579 ΙΙΙ.
555 1514 641 1579 13.1
668 1541 676 1579 r
702 1513 845 1598 publicis
863 1513 1084 1598 privatisque,
1112 1512 1274 1578 61651

178 1620 328 1706 [publica
352 1642 391 1686 ac
414 1623 560 1706 privata,
576 1620 606 1684 6.
624 1621 655 1684 3.
672 1619 725 1704 4];
750 1621 867 1686 divina
890 1620 1111 1703 humanaque,
1136 1625 1160 1683 I.
1178 1619 1273 1685 681

176 1715 325 1810 [cicestro
350 1748 390 1792 ac
421 1728 573 1805 sinistra,
600 1732 642 1791 II.
673 1725 724 1791 15.
752 1725 794 1810 31.
842 1732 923 1791 Item
955 1731 1045 1806 apud
1068 1731 1274 1806 supplemen-

177 1845 281 1898 torum
307 1839 499 1914 scriptores:
523 1833 678 1898 saccmiis
700 1832 912 1916 minimisque
935 1833 1044 1912 rebus,
1068 1836 1151 1895 Hirt.
1171 1829 1274 1896 1342

171 1939 319 2025 publicis
348 1939 570 2024 privatisque,
600 1944 642 2003 H.
664 1938 755 2003 422
779 1965 788 2003 r
812 1939 934 2003 descire
966 1936 1181 2021 sinistroque,
1219 1944 1274 2002 At.

180 2045 230 2110 13.
247 2045 287 2110 2:
304 2045 483 2130 [damnum
512 2067 552 2110 ac
578 2046 755 2111 sinistram
783 2065 897 2119 coras,
923 2049 975 2109 Af.
1004 2042 1055 2108 13.
1083 2041 1123 2126 1].
1171 2048 1275 2108 Porro

177 2140 285 2216 autem
315 2157 481 2216 adiectiva
504 2157 706 2216 adfinitatem
724 2137 1029 2232 'cognationemque
1052 2156 1138 2213 iuter
1161 2170 1196 2213 se
1220 2155 1275 2213 ha·

177 2263 299 2332 bentia,
323 2263 459 2336 perinde
484 2270 583 2337 atque
608 2263 825 2338 substantiva,
854 2276 916 2341 quc
942 2261 1122 2338 particulae
1147 2261 1274 2332 favent,

177 2369 272 2431 cuius
295 2384 373 2428 usus
396 2368 556 2429 notissimi
581 2368 712 2427 adferre
736 2369 888 2443 exempla
911 2384 976 2429 non
1000 2382 1134 2427 necesse
1158 2373 1218 2426 est.

215 2685 252 2749 4.
286 2685 342 2751 De
365 2685 586 2767 particulae
610 2703 692 2765 que
715 2683 1125 2766 cumpronominibue
1148 2700 1236 2750 usu.

207 2826 208 2830 ¹
285 2826 562 2924 Frequentissime
586 2848 674 2924 apud
688 2863 808 2918 omnes
832 2847 1006 2922 scriptores
1027 2847 1189 2931 particula
1213 2862 1277 2925 qtae

179 2954 406 3029 pronominum
447 2954 669 3033 coniunctioni
710 2961 742 3013 et
784 2953 987 3014 adiunctioni
1024 2951 1171 3031 inservit.
1230 2952 1277 3013 Ut

179 3075 285 3133 pauca
313 3058 431 3129 dicam,
465 3078 507 3119 ex
536 3061 745 3135 septuaginta
774 3060 879 3119 tribus
907 3060 987 3118 Iocis
1016 3060 1073 3118 ubi
1097 3074 1159 3137 quc
1179 3073 1276 3118 usur·

179 3170 276 3239 patur
299 3165 331 3223 in
357 3164 512 3224 Varronis
536 3166 619 3225 libro
643 3166 690 3227 De
713 3167 760 3226 Re
784 3165 927 3236 RustIca‚
963 3165 1100 3243 triginta
1124 3167 1200 3224 sunt
1223 3180 1274 3224 co·

180 3271 363 3346 pulationes
391 3257 550 3331 eiusmodi
560 3268 595 3347 ¹).
642 3273 789 3346 Itemque
813 3272 901 3347 apud
925 3271 1115 3332 Ciceronem
1138 3285 1200 3349 que
1223 3283 1275 3330 ca·

179 3385 265 3436 teras
289 3377 466 3452 particulas
490 3378 587 3453 longe
611 3384 753 3453 superat
791 3376 864 3436 Non
880 3377 976 3437 aliter
996 3376 1084 3451 apud
1101 3373 1275 3435 Caesarem

179 3489 212 3542 et
234 3482 600 3556 Pseudo-Caesarianos.
648 3483 754 3556 Atque
786 3498 851 3557 quo
883 3482 1014 3542 facilius
1043 3481 1166 3541 indicia
1199 3497 1275 3541 con·

179 3591 274 3665 gesta
296 3588 328 3646 in
354 3589 631 3663 comparationem
654 3605 825 3660 vocemus,
860 3589 940 3648 mihi
976 3588 1275 3667 commodissimum

179 3694 311 3754 videtur
343 3695 377 3755 in
409 3695 471 3755 hac
503 3697 784 3758 commentationis
819 3702 911 3773 parte
947 3696 1043 3756 simul
1080 3696 1122 3755 de
1155 3695 1297 3768 ceteris·

179 3801 350 3876 particulis
383 3805 578 3879 copulativis
607 3805 803 3880 disceptare.
850 3803 1008 3878 Incipiam
1032 3821 1052 3862 a
1075 3801 1276 3879 pronomini·

179 3908 241 3968 bus
265 3910 502 3984 personalibus.

288 4127 315 4195 1)
335 4125 378 4181 Of.
398 4125 512 4183 Merten
532 4143 560 4198 p.
579 4127 623 4182 31.
