2916 5026
566 1191 861 1263 contractus

205 1504 228 1559 I.
248 1501 440 1559 Prooemium
466 1545 1185 1568 .................
1201 1449 1257 1566 mi

189 1593 229 1647 ΙΙ.
249 1593 296 1647 De
315 1593 473 1648 particulis
493 1592 681 1663 Corrulativis
700 1595 731 1648 in
752 1593 934 1650 Universum
956 1636 1185 1653 ......
1240 1601 1258 1655 3

174 1681 230 1735 lIl.
249 1682 296 1736 De
313 1682 420 1736 harum
440 1682 658 1752 particularum
682 1683 714 1736 in
734 1684 822 1737 certis
843 1688 872 1737 et
892 1684 1086 1740 sollemnibus
1106 1687 1185 1742 locu·

249 1771 380 1824 tionibus
398 1784 458 1825 usu
506 1808 1184 1830 ................
1239 1776 1257 1831 b

172 1857 225 1913 IV.
245 1857 296 1912 ΕΤ
329 1898 1184 1918 ....................
1240 1864 1255 1918 'l

258 1947 282 1999 1.
301 1947 347 2001 De
360 1947 535 2017 particulae
555 1949 583 2002 et
601 1947 793 2002 substantiva
813 1949 1026 2020 coniungentis
1044 1965 1104 2004 usu
1132 1990 1138 2004 .
1177 1990 1183 2003 .
1238 1951 1256 2005 8

324 2052 351 2090 e.
367 2034 476 2092 Partes
494 2036 544 2092 vsl
564 2036 729 2091 divisiones
777 2075 1184 2093 ..........
1239 2041 1257 2095 8

321 2125 351 2178 b.
371 2123 527 2195 Oppositio
548 2126 807 2180 substantivorum
864 2163 1182 2182 ........
1239 2130 1256 2182 9

326 2229 349 2268 c.
368 2213 498 2270 Nomius
517 2215 641 2284 propria
686 2253 1184 2272 ............
1222 2219 1256 2273 10

324 2301 352 2357 d.
367 2301 473 2357 Terna
491 2303 684 2358 substantiva
731 2341 1183 2361 ...........
1222 2306 1254 2359 11

325 2405 349 2445 c.
370 2391 428 2445 Per
451 2392 479 2445 ct
502 2392 585 2446 notio
611 2391 765 2464 generalis
789 2391 912 2462 speciali
941 2398 971 2447 et
999 2394 1066 2448 vioe
1095 2408 1184 2448 versa

372 2477 495 2535 additur
512 2519 1182 2536 ................
1222 2483 1256 2536 12

257 2565 282 2620 2.
300 2564 348 2623 Da
366 2569 536 2639 particulae
554 2571 582 2624 ei
601 2568 753 2625 adiectiva
774 2570 987 2639 coniungentis
1005 2583 1093 2624 usu.
1131 2609 1137 2624 .
1175 2610 1182 2625 .
1221 2572 1254 2626 13

322 2671 347 2710 a.
367 2654 415 2711 De
443 2657 570 2728 singuiis
599 2657 818 2712 adiectivorum
837 2656 985 2728 gradibus
1005 2672 1065 2728 quo
1091 2659 1181 2714 modo

370 2747 596 2817 coniungantur
641 2785 1182 2803 .............
1220 2748 1254 2802 13

319 2832 348 2887 b.
365 2833 414 2888 De
434 2835 585 2889 adiectivo
604 2835 720 2889 mulius
773 2873 1182 2891 ..........
1219 2836 1254 2891 14

323 2938 347 2977 c.
364 2921 414 2977 De
433 2923 640 2978 numeralibus
727 2961 1180 2982 ...........
1219 2925 1254 2980 14

254 3009 279 3065 3.
299 3011 345 3066 De
363 3011 519 3082 particulis
539 3012 721 3084 copulativis
741 3024 809 3065 cum
828 3010 981 3066 adverbiis
995 3050 1180 3067 .....
1218 3013 1253 3067 15

321 3116 348 3155 a.
368 3100 454 3166 Quae
477 3101 646 3171 particulae
671 3100 812 3171 singulae
832 3101 913 3155 inter
941 3099 1002 3156 duo
1032 3100 1180 3156 adverbia

367 3195 521 3260 ponantur
546 3228 1179 3247 ...............
1217 3190 1252 3246 15

321 3280 350 3334 b.
370 3277 567 3350 Singulorum
587 3279 803 3334 adverbiorum
822 3278 976 3333 adiunctio
994 3316 1179 3333 .....
1217 3279 1252 3333 15

252 3366 278 3422 4.
298 3366 337 3420 at
356 3382 411 3437 pro
432 3365 524 3422 etiam
549 3404 1179 3422 ...............
1217 3366 1251 3421 lt

253 3455 277 3510 5.
296 3457 337 3510 Et
356 3456 597 3526 comparativum
640 3493 1179 3511 .............
1217 3455 1251 3510 19

251 3544 276 3598 6.
295 3544 335 3599 Et
355 3545 436 3599 valet
456 3545 483 3599 et
500 3541 554 3610 aio,
573 3546 601 3598 et
619 3541 671 3612 ito,
692 3545 719 3598 et
737 3545 802 3599 ium
816 3582 1178 3599 .........
1215 3543 1252 3598 20

252 3632 277 3688 l.
296 3633 356 3688 Per
374 3634 401 3688 al
419 3633 599 3703 particulam
619 3633 755 3688 transitio
776 3633 808 3687 fit
860 3671 1178 3688 ........
1215 3634 1252 3688 20

251 3721 277 3776 8.
297 3721 336 3775 at
355 3722 437 3776 valet
456 3722 483 3776 et
502 3719 625 3792 quidem
682 3758 1177 3776 ............
1215 3721 1246 3775 21

250 3810 276 3866 9.
294 3810 335 3864 m
354 3811 582 3867 adversativum
637 3847 1177 3865 .............
1213 3809 1250 3863 22

234 3900 276 3955 10.
295 3899 363 3955 Vox
382 3900 529 3971 negativa
548 3899 685 3969 sequitur
704 3899 947 3954 coniunctionem
966 3899 994 3952 et
1035 3938 1041 3952 .
1080 3937 1086 3952 .
1124 3935 1131 3951 .
1169 3936 1176 3952 .
1213 3897 1249 3952 24

186 3986 221 4044 V.
241 3988 318 4054 Qvi:
367 4026 1177 4045 ...................
1214 3987 1250 4041 26

251 4077 275 4130 1.
293 4078 341 4133 De
360 4079 528 4149 particulae
548 4092 606 4149 oua
625 4078 834 4133 conlocatione
858 4113 1177 4132 ........
1214 4075 1249 4130 21

318 4182 345 4221 a.
364 4165 412 4221 De
430 4181 488 4238 quc
506 4167 675 4238 particulae
695 4181 763 4221 cum
782 4164 1059 4237 praepositionibus
1078 4163 1176 4218 conlo·

366 4257 486 4310 catione
503 4290 1176 4311 ................
1213 4249 1248 4306 at

316 4342 344 4400 b.
367 4341 428 4408 Quo
446 4344 595 4416 particula
614 4344 732 4400 litterae
751 4341 899 4414 gutturali
918 4343 1041 4399 addita.
1080 4381 1086 4396 .
1125 4381 1131 4396 .
1170 4380 1175 4394 .
1212 4339 1248 4395 34
