<?xml version="1.0" encoding="UTF-8"?>
<!DOCTYPE html PUBLIC "-//W3C//DTD XHTML 1.0 Transitional//EN"
    "http://www.w3.org/TR/xhtml1/DTD/xhtml1-transitional.dtd">
<html xmlns="http://www.w3.org/1999/xhtml" xml:lang="en" lang="en">
 <head>
  <title>
</title>
<meta http-equiv="Content-Type" content="text/html;charset=utf-8" />
  <meta name='ocr-system' content='tesseract 3.04.00' />
  <meta name='ocr-capabilities' content='ocr_page ocr_carea ocr_par ocr_line ocrx_word'/>
</head>
<body>
  <div class='ocr_page' id='page_1' title='image "./departicularumc00ooggoog_0010.png"; bbox 0 0 2916 5026; ppageno 0'>
   <div class='ocr_carea' id='block_1_1' title="bbox 396 1277 958 1348">
    <p class='ocr_par' dir='ltr' id='par_1_1' title="bbox 396 1277 958 1348">
     <span class='ocr_line' id='line_1_1' title="bbox 396 1277 958 1348; baseline -0.005 0"><span class='ocrx_word' id='word_1_1' title='bbox 396 1278 546 1348; x_wconf 81' lang='lat' dir='ltr'><strong>OPERA</strong></span> <span class='ocrx_word' id='word_1_2' title='bbox 571 1277 758 1346; x_wconf 81' lang='lat' dir='ltr'>SAEPIVS</span> <span class='ocrx_word' id='word_1_3' title='bbox 782 1277 958 1346; x_wconf 81' lang='lat' dir='ltr'>CITATA.</span> 
     </span>
    </p>
   </div>
   <div class='ocr_carea' id='block_1_2' title="bbox 122 1573 1260 1833">
    <p class='ocr_par' dir='ltr' id='par_1_2' title="bbox 122 1573 1260 1833">
     <span class='ocr_line' id='line_1_2' title="bbox 122 1573 1227 1643; baseline 0 -15"><span class='ocrx_word' id='word_1_4' title='bbox 122 1575 237 1640; x_wconf 81' lang='lat' dir='ltr'>Ballae,</span> <span class='ocrx_word' id='word_1_5' title='bbox 266 1573 471 1630; x_wconf 80' lang='lat' dir='ltr'>Grammatico</span> <span class='ocrx_word' id='word_1_6' title='bbox 489 1575 642 1643; x_wconf 85' lang='lat' dir='ltr'>Plautina,</span> <span class='ocrx_word' id='word_1_7' title='bbox 661 1575 706 1630; x_wconf 90' lang='lat' dir='ltr'>De</span> <span class='ocrx_word' id='word_1_8' title='bbox 726 1574 889 1628; x_wconf 87' lang='lat' dir='ltr'>Particulis</span> <span class='ocrx_word' id='word_1_9' title='bbox 908 1573 1105 1643; x_wconf 80' lang='lat' dir='ltr'>copulativis,</span> <span class='ocrx_word' id='word_1_10' title='bbox 1124 1573 1227 1629; x_wconf 84' lang='lat' dir='ltr'>Berlin</span> 
     </span>
     <span class='ocr_line' id='line_1_3' title="bbox 122 1663 1260 1833; baseline -0.001 -28"><span class='ocrx_word' id='word_1_11' title='bbox 122 1663 278 1820; x_wconf 40' lang='lat' dir='ltr'>Draggggss&#39;</span> <span class='ocrx_word' id='word_1_12' title='bbox 293 1711 480 1807; x_wconf 81' lang='lat' dir='ltr'>Historioohe</span> <span class='ocrx_word' id='word_1_13' title='bbox 493 1714 610 1820; x_wconf 55' lang='lat' dir='ltr'>Sym</span> <span class='ocrx_word' id='word_1_14' title='bbox 632 1750 686 1805; x_wconf 89' lang='lat' dir='ltr'>der</span> <span class='ocrx_word' id='word_1_15' title='bbox 706 1750 919 1806; x_wconf 86' lang='lat' dir='ltr'>Lateinischen</span> <span class='ocrx_word' id='word_1_16' title='bbox 936 1748 1079 1833; x_wconf 78' lang='lat' dir='ltr'>Sprache,</span> <span class='ocrx_word' id='word_1_17' title='bbox 1099 1736 1260 1821; x_wconf 55' lang='lat' dir='ltr'>Leipzig*</span> 
     </span>
    </p>
   </div>
   <div class='ocr_carea' id='block_1_3' title="bbox 116 1839 1226 3404">
    <p class='ocr_par' dir='ltr' id='par_1_3' title="bbox 201 1839 278 1893">
     <span class='ocr_line' id='line_1_4' title="bbox 201 1839 278 1893; baseline 0 -1"><span class='ocrx_word' id='word_1_18' title='bbox 201 1839 278 1893; x_wconf 88' lang='lat'>1881.</span> 
     </span>
    </p>

    <p class='ocr_par' dir='ltr' id='par_1_4' title="bbox 119 1926 1226 2172">
     <span class='ocr_line' id='line_1_5' title="bbox 119 1926 1226 1997; baseline 0.002 -17"><span class='ocrx_word' id='word_1_19' title='bbox 119 1927 235 1994; x_wconf 84' lang='lat' dir='ltr'>&#39;Elme1·‚</span> <span class='ocrx_word' id='word_1_20' title='bbox 266 1927 353 1994; x_wconf 81' lang='lat' dir='ltr'>Quo,</span> <span class='ocrx_word' id='word_1_21' title='bbox 373 1927 424 1995; x_wconf 85' lang='lat' dir='ltr'>Et,</span> <span class='ocrx_word' id='word_1_22' title='bbox 444 1926 581 1997; x_wconf 85' lang='lat' dir='ltr'>Atque,</span> <span class='ocrx_word' id='word_1_23' title='bbox 610 1928 640 1981; x_wconf 91' lang='lat' dir='ltr'>in</span> <span class='ocrx_word' id='word_1_24' title='bbox 658 1928 708 1982; x_wconf 90' lang='lat' dir='ltr'>the</span> <span class='ocrx_word' id='word_1_25' title='bbox 728 1927 925 1996; x_wconf 85' lang='lat' dir='ltr'>Inscriptions</span> <span class='ocrx_word' id='word_1_26' title='bbox 948 1929 982 1982; x_wconf 85' lang='lat' dir='ltr'>of</span> <span class='ocrx_word' id='word_1_27' title='bbox 1001 1928 1051 1983; x_wconf 93' lang='lat' dir='ltr'>the</span> <span class='ocrx_word' id='word_1_28' title='bbox 1070 1928 1226 1997; x_wconf 87' lang='lat' dir='ltr'>Republic‚</span> 
     </span>
     <span class='ocr_line' id='line_1_6' title="bbox 197 2005 1225 2085; baseline 0.001 -18"><span class='ocrx_word' id='word_1_29' title='bbox 197 2015 229 2067; x_wconf 93' lang='lat' dir='ltr'>in</span> <span class='ocrx_word' id='word_1_30' title='bbox 248 2013 393 2083; x_wconf 80' lang='lat' dir='ltr'>Terence,</span> <span class='ocrx_word' id='word_1_31' title='bbox 423 2015 484 2069; x_wconf 84' lang='lat' dir='ltr'>end</span> <span class='ocrx_word' id='word_1_32' title='bbox 508 2017 540 2069; x_wconf 90' lang='lat' dir='ltr'>in</span> <span class='ocrx_word' id='word_1_33' title='bbox 560 2005 643 2081; x_wconf 84' lang='lat' dir='ltr'>Cato,</span> <span class='ocrx_word' id='word_1_34' title='bbox 672 2014 832 2070; x_wconf 77' lang='lat' dir='ltr'>American</span> <span class='ocrx_word' id='word_1_35' title='bbox 852 2014 979 2069; x_wconf 82' lang='lat' dir='ltr'>Journal</span> <span class='ocrx_word' id='word_1_36' title='bbox 1003 2015 1038 2068; x_wconf 85' lang='lat' dir='ltr'>of</span> <span class='ocrx_word' id='word_1_37' title='bbox 1056 2014 1225 2085; x_wconf 84' lang='lat' dir='ltr'>Philology,</span> 
     </span>
     <span class='ocr_line' id='line_1_7' title="bbox 199 2102 440 2172; baseline 0.008 -17"><span class='ocrx_word' id='word_1_38' title='bbox 199 2102 277 2171; x_wconf 81' lang='grc'><strong>1887,</strong></span> <span class='ocrx_word' id='word_1_39' title='bbox 297 2119 324 2172; x_wconf 91' lang='lat' dir='ltr'>p.</span> <span class='ocrx_word' id='word_1_40' title='bbox 344 2102 397 2158; x_wconf 77' lang='lat'>292</span> <span class='ocrx_word' id='word_1_41' title='bbox 411 2104 440 2157; x_wconf 86' lang='lat' dir='ltr'>ff.</span> 
     </span>
    </p>

    <p class='ocr_par' dir='ltr' id='par_1_5' title="bbox 121 2189 642 2260">
     <span class='ocr_line' id='line_1_8' title="bbox 121 2189 642 2260; baseline 0.002 -17"><span class='ocrx_word' id='word_1_42' title='bbox 121 2189 226 2258; x_wconf 83' lang='lat' dir='ltr'>Hand,</span> <span class='ocrx_word' id='word_1_43' title='bbox 245 2191 443 2260; x_wconf 84' lang='lat' dir='ltr'>Tursellinns,</span> <span class='ocrx_word' id='word_1_44' title='bbox 463 2191 544 2260; x_wconf 82' lang='lat' dir='ltr'>Lips.</span> <span class='ocrx_word' id='word_1_45' title='bbox 564 2191 642 2245; x_wconf 77' lang='lat'>1829.</span> 
     </span>
    </p>

    <p class='ocr_par' dir='ltr' id='par_1_6' title="bbox 121 2270 1226 2421">
     <span class='ocr_line' id='line_1_9' title="bbox 121 2270 1226 2347; baseline 0.003 -15"><span class='ocrx_word' id='word_1_46' title='bbox 121 2278 287 2347; x_wconf 83' lang='lat' dir='ltr'>Klammer,</span> <span class='ocrx_word' id='word_1_47' title='bbox 315 2270 606 2334; x_wconf 59' lang='lat' dir='ltr'>Animadversiones</span> <span class='ocrx_word' id='word_1_48' title='bbox 629 2280 816 2335; x_wconf 84' lang='lat' dir='ltr'>Annaeanac</span> <span class='ocrx_word' id='word_1_49' title='bbox 840 2278 1073 2345; x_wconf 84' lang='lat' dir='ltr'>Grammaticae,</span> <span class='ocrx_word' id='word_1_50' title='bbox 1101 2279 1226 2335; x_wconf 88' lang='lat' dir='ltr'>Bonnae</span> 
     </span>
     <span class='ocr_line' id='line_1_10' title="bbox 201 2366 278 2421; baseline 0.013 -2"><span class='ocrx_word' id='word_1_51' title='bbox 201 2366 278 2421; x_wconf 79' lang='grc'><strong>1878.</strong></span> 
     </span>
    </p>

    <p class='ocr_par' dir='ltr' id='par_1_7' title="bbox 123 2453 1224 2599">
     <span class='ocr_line' id='line_1_11' title="bbox 123 2453 1224 2525; baseline 0.003 -18"><span class='ocrx_word' id='word_1_52' title='bbox 123 2453 262 2521; x_wconf 90' lang='lat' dir='ltr'>Kiihner,</span> <span class='ocrx_word' id='word_1_53' title='bbox 296 2455 512 2510; x_wconf 85' lang='lat' dir='ltr'>Ausfiihrliche</span> <span class='ocrx_word' id='word_1_54' title='bbox 540 2454 728 2510; x_wconf 87' lang='lat' dir='ltr'>Grammatik</span> <span class='ocrx_word' id='word_1_55' title='bbox 758 2456 812 2510; x_wconf 89' lang='lat' dir='ltr'>der</span> <span class='ocrx_word' id='word_1_56' title='bbox 840 2455 1053 2510; x_wconf 81' lang='lat' dir='ltr'>Lateinioohen</span> <span class='ocrx_word' id='word_1_57' title='bbox 1082 2454 1224 2525; x_wconf 86' lang='lat' dir='ltr'>Sprache,</span> 
     </span>
     <span class='ocr_line' id='line_1_12' title="bbox 199 2539 462 2599; baseline 0.004 -2"><span class='ocrx_word' id='word_1_58' title='bbox 199 2539 365 2599; x_wconf 80' lang='lat' dir='ltr'>Hannover</span> <span class='ocrx_word' id='word_1_59' title='bbox 385 2544 462 2599; x_wconf 86' lang='grc'><strong>1878.</strong></span> 
     </span>
    </p>

    <p class='ocr_par' dir='ltr' id='par_1_8' title="bbox 122 2629 1225 2790">
     <span class='ocr_line' id='line_1_13' title="bbox 122 2629 1225 2702; baseline 0.005 -20"><span class='ocrx_word' id='word_1_60' title='bbox 122 2629 251 2696; x_wconf 87' lang='lat' dir='ltr'>Merten,</span> <span class='ocrx_word' id='word_1_61' title='bbox 282 2632 328 2687; x_wconf 91' lang='lat' dir='ltr'>De</span> <span class='ocrx_word' id='word_1_62' title='bbox 352 2632 573 2687; x_wconf 85' lang='lat' dir='ltr'>Particularurn</span> <span class='ocrx_word' id='word_1_63' title='bbox 599 2631 847 2702; x_wconf 83' lang='lat' dir='ltr'>Copulativarum</span> <span class='ocrx_word' id='word_1_64' title='bbox 873 2632 954 2702; x_wconf 87' lang='lat' dir='ltr'>apud</span> <span class='ocrx_word' id='word_1_65' title='bbox 975 2632 1099 2687; x_wconf 87' lang='lat' dir='ltr'>Veteres</span> <span class='ocrx_word' id='word_1_66' title='bbox 1118 2632 1225 2688; x_wconf 86' lang='lat' dir='ltr'>Roma·</span> 
     </span>
     <span class='ocr_line' id='line_1_14' title="bbox 199 2717 847 2790; baseline 0.005 -18"><span class='ocrx_word' id='word_1_67' title='bbox 199 2735 306 2775; x_wconf 87' lang='lat' dir='ltr'>norum</span> <span class='ocrx_word' id='word_1_68' title='bbox 325 2717 494 2789; x_wconf 81' lang='lat' dir='ltr'>Scriptores</span> <span class='ocrx_word' id='word_1_69' title='bbox 513 2719 584 2788; x_wconf 87' lang='lat' dir='ltr'>Vsu,</span> <span class='ocrx_word' id='word_1_70' title='bbox 603 2719 751 2790; x_wconf 81' lang='lat' dir='ltr'>Morburg</span> <span class='ocrx_word' id='word_1_71' title='bbox 770 2720 847 2775; x_wconf 85' lang='lat'>1893.</span> 
     </span>
    </p>

    <p class='ocr_par' dir='ltr' id='par_1_9' title="bbox 121 2807 1049 2880">
     <span class='ocr_line' id='line_1_15' title="bbox 121 2807 1049 2880; baseline 0.003 -18"><span class='ocrx_word' id='word_1_72' title='bbox 121 2807 310 2877; x_wconf 84' lang='lat' dir='ltr'>Nipperdey,</span> <span class='ocrx_word' id='word_1_73' title='bbox 330 2807 360 2864; x_wconf 85' lang='lat' dir='ltr'>C.</span> <span class='ocrx_word' id='word_1_74' title='bbox 382 2808 450 2862; x_wconf 87' lang='lat' dir='ltr'>Iulii</span> <span class='ocrx_word' id='word_1_75' title='bbox 470 2808 609 2864; x_wconf 81' lang='lat' dir='ltr'>Caesaris</span> <span class='ocrx_word' id='word_1_76' title='bbox 629 2809 851 2878; x_wconf 85' lang='lat' dir='ltr'>Commentarii,</span> <span class='ocrx_word' id='word_1_77' title='bbox 870 2810 951 2880; x_wconf 87' lang='lat' dir='ltr'>Lips.</span> <span class='ocrx_word' id='word_1_78' title='bbox 973 2811 1049 2865; x_wconf 85' lang='grc'><strong>1847.</strong></span> 
     </span>
    </p>

    <p class='ocr_par' dir='ltr' id='par_1_10' title="bbox 120 2894 1153 2967">
     <span class='ocr_line' id='line_1_16' title="bbox 120 2894 1153 2967; baseline 0.003 -17"><span class='ocrx_word' id='word_1_79' title='bbox 120 2894 320 2967; x_wconf 83' lang='lat' dir='ltr'>Oudendorp,</span> <span class='ocrx_word' id='word_1_80' title='bbox 341 2894 372 2952; x_wconf 89' lang='lat' dir='ltr'>C.</span> <span class='ocrx_word' id='word_1_81' title='bbox 392 2896 462 2950; x_wconf 90' lang='lat' dir='ltr'>Iulii</span> <span class='ocrx_word' id='word_1_82' title='bbox 482 2896 619 2952; x_wconf 81' lang='lat' dir='ltr'>Caesaris</span> <span class='ocrx_word' id='word_1_83' title='bbox 639 2897 861 2962; x_wconf 82' lang='lat' dir='ltr'>Commentarii,</span> <span class='ocrx_word' id='word_1_84' title='bbox 881 2899 1054 2967; x_wconf 85' lang='lat' dir='ltr'>Rotterdam</span> <span class='ocrx_word' id='word_1_85' title='bbox 1076 2899 1153 2953; x_wconf 78' lang='lat'><strong>1737.</strong></span> 
     </span>
    </p>

    <p class='ocr_par' dir='ltr' id='par_1_11' title="bbox 119 2983 1223 3127">
     <span class='ocr_line' id='line_1_17' title="bbox 119 2983 1223 3061; baseline 0.005 -25"><span class='ocrx_word' id='word_1_86' title='bbox 119 2983 349 3052; x_wconf 85' lang='lat' dir='ltr'>Reisig-Haase,</span> <span class='ocrx_word' id='word_1_87' title='bbox 369 2983 580 3061; x_wconf 79' lang='lat' dir='ltr'>llorlesungen</span> <span class='ocrx_word' id='word_1_88' title='bbox 594 2986 670 3039; x_wconf 88' lang='lat' dir='ltr'>iiber</span> <span class='ocrx_word' id='word_1_89' title='bbox 683 2985 875 3041; x_wconf 84' lang='lat' dir='ltr'>Lateinische</span> <span class='ocrx_word' id='word_1_90' title='bbox 889 2984 1223 3056; x_wconf 82' lang='lat' dir='ltr'>Sprochwiooenschaft,</span> 
     </span>
     <span class='ocr_line' id='line_1_18' title="bbox 195 3070 1135 3127; baseline 0.007 -4"><span class='ocrx_word' id='word_1_91' title='bbox 195 3070 297 3126; x_wconf 88' lang='lat' dir='ltr'>Berlin</span> <span class='ocrx_word' id='word_1_92' title='bbox 318 3072 396 3127; x_wconf 88' lang='lat'>1888.</span> <span class='ocrx_word' id='word_1_93' title='bbox 892 3088 895 3092; x_wconf 88' lang='grc'><strong><em>·</em></strong></span> <span class='ocrx_word' id='word_1_94' title='bbox 1132 3075 1135 3079; x_wconf 82' lang='grc'><strong>’</strong></span> 
     </span>
    </p>

    <p class='ocr_par' dir='ltr' id='par_1_12' title="bbox 117 3157 1119 3232">
     <span class='ocr_line' id='line_1_19' title="bbox 117 3157 1119 3232; baseline 0.005 -20"><span class='ocrx_word' id='word_1_95' title='bbox 117 3158 233 3228; x_wconf 81' lang='lat' dir='ltr'>Ringe,</span> <span class='ocrx_word' id='word_1_96' title='bbox 252 3157 326 3213; x_wconf 87' lang='lat' dir='ltr'><strong>an</strong></span> <span class='ocrx_word' id='word_1_97' title='bbox 345 3157 621 3231; x_wconf 84' lang='lat' dir='ltr'>Sprachgebrauch</span> <span class='ocrx_word' id='word_1_98' title='bbox 642 3160 695 3216; x_wconf 82' lang='lat' dir='ltr'>des</span> <span class='ocrx_word' id='word_1_99' title='bbox 715 3159 835 3230; x_wconf 81' lang='lat' dir='ltr'>Caesar,</span> <span class='ocrx_word' id='word_1_100' title='bbox 855 3160 1022 3232; x_wconf 84' lang='lat' dir='ltr'>Go’ttingen</span> <span class='ocrx_word' id='word_1_101' title='bbox 1042 3163 1119 3218; x_wconf 91' lang='grc'><strong>1880.</strong></span> 
     </span>
    </p>

    <p class='ocr_par' dir='ltr' id='par_1_13' title="bbox 116 3245 1224 3404">
     <span class='ocr_line' id='line_1_20' title="bbox 116 3245 1224 3321; baseline 0.005 -19"><span class='ocrx_word' id='word_1_102' title='bbox 116 3245 232 3315; x_wconf 88' lang='lat' dir='ltr'>Spitta,</span> <span class='ocrx_word' id='word_1_103' title='bbox 252 3245 298 3300; x_wconf 92' lang='lat' dir='ltr'>De</span> <span class='ocrx_word' id='word_1_104' title='bbox 308 3245 407 3302; x_wconf 84' lang='lat' dir='ltr'>Taciti</span> <span class='ocrx_word' id='word_1_105' title='bbox 420 3248 452 3301; x_wconf 91' lang='lat' dir='ltr'>in</span> <span class='ocrx_word' id='word_1_106' title='bbox 465 3245 686 3317; x_wconf 75' lang='lat' dir='ltr'>componendis</span> <span class='ocrx_word' id='word_1_107' title='bbox 699 3249 873 3304; x_wconf 79' lang='lat' dir='ltr'>Enuntiatis</span> <span class='ocrx_word' id='word_1_108' title='bbox 882 3249 1021 3317; x_wconf 85' lang='lat' dir='ltr'>Ratione,</span> <span class='ocrx_word' id='word_1_109' title='bbox 1040 3251 1116 3306; x_wconf 83' lang='lat' dir='ltr'>Pars</span> <span class='ocrx_word' id='word_1_110' title='bbox 1128 3252 1224 3321; x_wconf 91' lang='lat' dir='ltr'>Prior,</span> 
     </span>
     <span class='ocr_line' id='line_1_21' title="bbox 195 3331 460 3404; baseline 0.004 -15"><span class='ocrx_word' id='word_1_111' title='bbox 195 3331 363 3404; x_wconf 81' lang='lat' dir='ltr'>Gottingen</span> <span class='ocrx_word' id='word_1_112' title='bbox 383 3335 460 3391; x_wconf 86' lang='grc'><strong>1866.</strong></span> 
     </span>
    </p>
   </div>
   <div class='ocr_carea' id='block_1_4' title="bbox 0 0 1462 5026">
    <p class='ocr_par' dir='ltr' id='par_1_14' title="bbox 0 0 1462 5026">
     <span class='ocr_line' id='line_1_22' title="bbox 0 0 1462 5026; baseline 0 2"><span class='ocrx_word' id='word_1_113' title='bbox 0 0 1462 5026; x_wconf 95' lang='lat' dir='ltr'> </span> 
     </span>
    </p>
   </div>
  </div>
 </body>
</html>
