2916 5026
644 424 902 488 -1⁸-‘

182 612 268 671 dest.
315 610 501 688 Draegerue
516 607 539 684 ¹)
564 613 715 670 voculam
740 613 771 671 et
786 627 878 689 eam,
902 627 985 685 qnae
1009 611 1188 686 simplicem
1218 629 1292 672 me·

182 735 317 793 remque
340 718 477 778 edverbi
503 714 605 778 etiam
629 719 695 777 vim
720 717 850 787 habeat,
874 719 961 793 apud
986 719 1180 778 vetustiores
1204 722 1291 779 scri·

180 830 290 900 ptores
314 841 385 884 esse
409 840 516 884 raram
542 825 631 893 dicit,
656 825 713 883 sed
738 824 935 899 procedente
956 831 1110 900 tempore,
1134 841 1292 898 praeser-

181 931 238 989 tim
270 937 342 1006 post
370 929 537 991 Ciceronis
569 933 720 999 aetatem,
755 930 826 988 fieri
859 930 1122 1004 frequentiorem.
1178 930 1293 990 Multa

181 1037 251 1096 eius
275 1037 406 1112 generis
431 1037 503 1096 loca
527 1034 677 1094 eTacito
699 1031 844 1110 Spitte2)
868 1036 1056 1095 cumulavit.
1101 1037 1150 1094 lix
1174 1037 1292 1096 tribus

180 1142 350 1218 particulis
374 1145 415 1218 et,
448 1157 586 1221 qaoque,
621 1137 733 1215 etiam,
769 1143 875 1216 prima
903 1142 1132 1211 infirmissima,
1163 1143 1292 1202 ultima

180 1248 357 1308 fortissima
381 1254 440 1316 est,
465 1255 498 1306 et
521 1264 585 1306 non
610 1264 799 1322 numquam,
823 1248 1025 1324 gradationis
1049 1263 1157 1323 cansa,
1182 1251 1292 1308 conli-

180 1360 278 1430 gatae
294 1353 475 1427 particulae
492 1353 523 1411 et
539 1347 640 1411 etiam
658 1353 709 1411 vel
728 1354 759 1411 et
772 1394 780 1410 .
793 1394 800 1410 .
814 1396 820 1408 .
834 1366 961 1431 qaoque
977 1360 1160 1420 occurrunt,
1187 1353 1291 1413 cuius

180 1458 267 1516 modi
293 1459 401 1517 nullus
425 1458 524 1527 loeus,
550 1458 583 1516 ni
608 1458 715 1528 fallor,
739 1473 801 1516 nec
825 1459 912 1532 apud
926 1456 1097 1518 Caesarem
1113 1473 1174 1515 nec
1191 1461 1290 1532 apud

181 1562 534 1639 Pseudo-Caesarianos
550 1563 726 1622 invenitur.
761 1563 831 1623 Iam
847 1579 926 1622 vero
942 1579 985 1622 ex
1008 1563 1055 1622 eis
1076 1578 1159 1637 quae
1184 1565 1291 1625 modo
1362 1567 1365 1572 ’

182 1669 261 1740 dixi,
287 1670 384 1728 facile
408 1669 615 1746 intellegitur·
635 1671 666 1729 et
690 1671 792 1729 solam
816 1670 954 1744 positam
971 1677 1003 1727 et
1021 1669 1194 1729 habentem
1213 1671 1289 1731 vim

181 1775 318 1839 adverbi
349 1770 451 1834 ettam
481 1776 569 1849 apud
600 1776 658 1834 hos
686 1777 863 1849 scriptores
887 1775 944 1833 vix
975 1781 1032 1833 aut
1055 1775 1185 1833 omnino
1216 1793 1288 1838 non

181 1896 274 1956 posse
298 1881 495 1956 exspectari.
531 1881 655 1940 Tamen
668 1883 754 1940 haee
770 1882 923 1956 exempla
939 1898 979 1939 ex
998 1869 1166 1940 codicibus
1184 1887 1289 1944 texti-

180 1988 305 2061 busque
330 1988 523 2062 deprompta
546 1987 580 2045 in
604 1987 748 2046 medium
773 1987 916 2061 profero:

288 2090 321 2168 a)
347 2089 394 2154 Et
412 2090 520 2172 pasci
542 2089 582 2154 de
605 2090 740 2169 nostris
754 2088 890 2153 cadant.
916 2087 1063 2152 1.15.2.

246 2260 248 2265 ,
287 2198 322 2274 b)
345 2214 430 2279 opas
454 2214 522 2259 esse
547 2198 578 2257 et
600 2197 691 2279 ipsae
714 2194 907 2275 antecedere
937 2194 984 2258 ad
1010 2193 1288 2280 confirmandam

179 2322 250 2365 rem
271 2300 452 2385 publicam.
478 2300 508 2365 ἵ.
525 2300 578 2364 54.
599 2301 626 2363 l.
1284 2362 1288 2368 ,

286 2408 316 2486 c)
349 2404 408 2471 sed
437 2405 550 2470 labore
579 2412 609 2470 et
634 2406 888 2489 perseverantia
915 2412 1100 2490 santarem
1128 2404 1181 2489 [et]
1211 2409 1286 2476 aim

179 2498 386 2596 tempestatis
409 2511 568 2596 superari
587 2529 686 2595 posse
709 2511 878 2594 sperabat.
902 2510 1079 2575 111.26.3.
1280 2581 1285 2586 ,

286 2618 321 2694 d)
351 2617 516 2680 audacias
544 2617 732 2697 subsistere,
767 2617 1018 2700 nonnumquam
1045 2622 1076 2681 et
1099 2618 1284 2685 noeumane

182 2725 314 2810 apmiae
332 2723 465 2806 praelio
490 2729 621 2787 nostros
644 2723 804 2786 lacessere
828 2729 1017 2807 coeperant.
1044 2723 1072 2787 l.
1092 2723 1143 2788 15.
1159 2722 1191 2788 3.

286 2834 323 2894 In
341 2833 509 2901 enuntiato
526 2829 569 2907 (a)
586 2848 769 2909 perperam,
791 2848 844 2893 me
859 2832 980 2915 indice,
993 2833 1178 2911 Draegerus
1194 2837 1242 2894 ait
1254 2833 1283 2913 ⁸)

179 2944 210 3001 et
233 2940 426 3017 particulam
451 2940 572 2998 habere
597 2955 719 2998 meram
744 2940 810 2998 vim
828 2940 1057 3014 copulativam.
1097 2941 1210 3001 Potius
1226 2959 1284 3020 ge-

179 3048 301 3105 minam
324 3046 424 3119 habet
447 3046 524 3114 vim,
554 3062 651 3120 quam
681 3044 775 3103 reddi
805 3046 881 3104 lieet
911 3051 1022 3103 nostra
1054 3047 1168 3122 lingua
1196 3042 1283 3108 ‘aad

178 3144 270 3212 also'.
310 3152 358 3211 Dc
382 3152 533 3226 exemplo
557 3146 615 3226 (b),
641 3151 844 3210 notissimum
866 3150 999 3225 quidem
1023 3159 1073 3212 est
1096 3153 1127 3212 et
1150 3168 1211 3228 pro
1236 3157 1282 3214 et·
1359 3133 1364 3140 ⁴

177 3254 247 3317 iam
270 3253 413 3316 maxime
437 3264 513 3315 ente
537 3259 738 3332 pronomina,
751 3257 954 3332 praesertim
971 3258 1060 3334 spud
1080 3259 1282 3328 recentiores

178 3365 364 3440 scriptores,
388 3363 601 3437 frequentari,
630 3363 759 3438 quade
784 3376 884 3421 canes
907 3364 1026 3422 vellem
1056 3364 1140 3423 hanc
1168 3365 1281 3424 lectio·

177 3487 252 3529 nem
282 3484 376 3543 posse
407 3468 550 3543 probari,
586 3469 645 3527 sed
674 3470 790 3546 negari
814 3470 928 3543 nequit
949 3470 1183 3545 Nipperdeium
1208 3486 1280 3531 rem

177 3593 239 3636 scu
276 3575 422 3651 tetigisse
451 3576 614 3635 dicentem
645 3577 746 3634 talem*
773 3592 843 3635 esse
873 3577 1068 3636 sententiam
1095 3583 1132 3634 ut
1159 3578 1281 3650 copula

178 3682 320 3741 delenda
352 3684 446 3740 esset.
503 3682 540 3741 In
564 3685 665 3760 tertio
696 3686 847 3759 exemplo
879 3679 924 3759 (e)
954 3683 1107 3742 Dinterus
1140 3683 1280 3757 primm,

176 3789 265 3863 quod
294 3789 407 3859 sciam,
440 3790 590 3863 copulam
618 3792 660 3859 et,
696 3805 794 3864 quam
824 3789 972 3865 plerique
1000 3793 1112 3851 tenent
1135 3789 1278 3862 codices,

177 3897 310 3966 delevit,
336 3897 429 3955 euius
454 3897 681 3955 auctoritatem
705 3896 799 3955 multi
816 3897 967 3967 editores,
992 3895 1150 3970 equibus
1172 3911 1281 3971 nuper

175 4001 350 4072 Holderua
375 4003 477 4062 secuti
502 4007 586 4063 sunt.
631 4003 696 4064 Sed
720 4004 926 4063 retinendam
943 4006 1094 4064 voculam
1113 4009 1151 4063 et
1174 4005 1279 4065 inten-

176 4109 318 4166 dendam
341 4116 378 4166 ut
401 4124 460 4182 pro
485 4105 585 4168 etiarn
613 4107 795 4185 accipietur
824 4110 967 4169 narratio
996 4112 1094 4186 plane
1123 4111 1278 4173 ostendit

286 4324 481 4398 annm
590 4327 728 4398 epe
836 4306 1056 4400 anper.¹
1134 4301 1275 4402 nem
