2910 5016
542 1239 554 1253 „
641 1197 831 1312 vira.
877 1251 910 1258 ,.
956 1253 957 1256 κ
1014 1242 1016 1246 ⁴

288 1514 391 1572 Natus
415 1530 486 1572 sum
510 1513 681 1571 Beniamin
704 1513 895 1573 Leonardus
918 1512 1060 1592 D'Ooge‚
1089 1516 1171 1574 civis
1196 1514 1280 1575 Civi-

179 1621 297 1679 tatium
329 1615 584 1678 Foe'deratarum
605 1615 787 1695 Amerioae,
819 1621 855 1678 ln
887 1621 969 1679 urbe
996 1619 1114 1680 Grand
1131 1622 1279 1696 -Rapids,

180 1720 264 1799 quac
288 1725 480 1799 appellatur,
512 1725 571 1783 Rei
594 1725 749 1784 Publicae
772 1726 1077 1804 Miohiganen-sium,
1109 1744 1194 1785 anno
1220 1724 1280 1786 Do

180 1831 260 1888 mini
292 1845 452 1901 uncocnx,
492 1831 545 1889 die
578 1846 598 1887 x
631 1832 752 1889 mensis
785 1831 939 1901 Ianuarii,
982 1839 1074 1906 patre
1108 1832 1279 1892 Leonardo

180 1935 321 2013 D‘Oogc,
357 1938 461 1994 matre
485 1936 609 1994 Io‘anna
633 1953 650 1994 e
674 1938 771 2012 gente
796 1935 945 2010 Quintae.
993 1939 1169 1996 Elementis
1195 1938 1280 1996 litte·

179 2059 289 2101 rarum
324 2042 358 2100 in
394 2043 471 2102 ludo
507 2043 640 2117 publico
676 2043 829 2113 imbutus,
866 2059 925 2117 per
957 2060 1017 2102 sex
1050 2059 1152 2101 annos
1187 2059 1280 2118 gym-

179 2150 307 2208 nasium
342 2149 433 2207 urbis
469 2148 588 2205 natalis
623 2147 841 2221 frequentavi.
893 2149 974 2207 Inde
1010 2154 1165 2206 autumno
1201 2148 1279 2206 anni

177 2269 399 2313 Mucccnxxvu
427 2254 624 2312 maturitatis
655 2254 838 2312 testimonio
868 2231 1046 2313 instructus
1074 2253 1117 2310 ad
1140 2252 1280 2313 Univer-

179 2363 308 2420 sitatem
339 2360 398 2419 Rei
421 2360 577 2418 Publicae
605 2359 897 2435 Miehiganensium
929 2377 982 2418 me
1013 2359 1134 2418 contuli
1165 2359 1279 2432 ibique

179 2485 238 2542 per
261 2467 512 2541 quadriennium
537 2467 654 2524 studiis
682 2466 888 2541 philologieis
911 2467 1133 2559 physicisque
1147 2482 1199 2523 me
1224 2466 1279 2524 de-

179 2575 258 2632 didi.
306 2574 382 2632 Post
405 2567 449 2649 id,
484 2573 563 2631 satis
586 2575 751 2647 spectatus
776 2580 874 2646 atque
897 2573 1018 2631 usitato
1042 2588 1130 2630 more
1159 2588 1179 2628 a
1206 2588 1278 2646 pro·

178 2680 357 2739 sessoribus
381 2680 580 2738 academicis
604 2681 790 2754 temptatus
824 2680 930 2755 gradu
954 2680 987 2736 in
1011 2678 1139 2737 artibus
1162 2678 1278 2736 bacea-

178 2787 325 2845 laureato
350 2791 483 2843 ornatus
507 2800 588 2843 sum.
636 2783 715 2844 Cum
740 2785 955 2844 confecissem
983 2786 1070 2843 hunc
1094 2784 1277 2842 studiorum

178 2907 309 2950 cursum
340 2892 426 2949 velle
457 2908 508 2949 me
539 2893 657 2950 docere
691 2907 762 2950 sum
795 2891 961 2966 professus
994 2897 1091 2965 atque
1116 2889 1277 2948 examine

178 2998 263 3055 bene
288 2997 441 3071 superato
464 2996 611 3055 Latinam
637 2994 863 3071 Graecumque
892 2997 1022 3073 linguas
1045 2996 1079 3054 in
1103 2995 1277 3071 gymnasio

177 3119 236 3177 per
260 3104 435 3162 triennium
461 3102 567 3161 docui.

283 3209 419 3268 Interim
455 3209 664 3286 gravioribus
699 3209 817 3268 studiis
856 3208 1063 3283 philologieis
1098 3222 1276 3280 numquam

177 3316 346 3392 neglectis,
383 3331 468 3374 anno
492 3331 732 3392 monachrorum,
767 3320 840 3389 post
876 3314 1138 3372 dissertationem
1174 3313 1276 3387 philo

176 3423 317 3496 logicam
341 3423 506 3496 scriptam,
538 3422 763 3496 probationem
792 3421 835 3478 ad
860 3421 1008 3495 Magistri
1034 3420 1174 3496 gradum
1199 3434 1274 3476 con·

176 3526 347 3585 ferendum
373 3527 518 3584 habitam
542 3527 627 3585 bene
651 3527 814 3600 superavi,
851 3526 1031 3599 eodemque
1061 3542 1145 3583 anno
1176 3526 1276 3599 hypo-

176 3633 365 3691 didascalus
404 3633 536 3710 linguae
574 3632 710 3691 Latinae
749 3649 820 3691 sum
860 3633 947 3707 apud
982 3631 1275 3708 Michiganensiuru

175 3739 447 3808 Univeraitatem‚
491 3741 610 3798 almam
649 3739 830 3798 studiorum
869 3746 1022 3814 matrem,
1068 3737 1275 3796 constitutus.

175 3847 259 3906 Dum
283 3847 333 3905 his
357 3847 471 3905 officiis
495 3847 625 3922 fungor,
657 3846 816 3919 imprimis
840 3846 874 3903 in
898 3845 1078 3921 philologia
1101 3841 1275 3902 Indo-Ger·

174 3954 304 4012 manica
339 3952 568 4029 cognoscenda
602 3952 704 4010 otium
741 3952 937 4026 consumpsi.
999 3950 1148 4024 Denique
1187 3965 1273 4007 anno

173 4075 403 4118 uncconxxxvr
419 4059 586 4118 Professor
602 4058 803 4134 Linguarum
821 4058 1037 4131 Antiquarum
1060 4072 1129 4115 sum
1148 4056 1274 4114 clectus

174 4167 263 4241 apud
292 4165 472 4241 Collegium
503 4164 655 4223 Normale
688 4164 747 4222 Rei
779 4164 935 4223 Publicae
967 4154 1273 4239 Michiganensium,

174 4289 270 4352 quem
293 4273 402 4332 locum
425 4272 533 4330 adhuc
557 4277 662 4329 teneo.
