2916 5026
590 425 766 483 ..21-

291 701 318 769 l.
345 701 402 769 De
426 700 650 785 particulae
674 717 757 781 quo
781 692 1068 771 conlocatione.

239 845 356 906 Sedem
380 847 546 922 propriam
571 846 754 925 habetque
778 863 852 906 cnm
877 849 1056 907 sententias
1079 854 1137 909 aut
1160 865 1229 907 sen·

125 931 443 1028 tentiarumpartes
467 954 632 1028 componit
655 956 728 1029 post
744 953 884 1028 primum
903 955 1110 1014 vocabulum.
1140 951 1229 1014 Koh-

124 1056 261 1135 nerusl)
291 1038 463 1120 nonnullos
491 1061 666 1135 scriptores
695 1062 828 1121 tertium
856 1062 963 1122 locum
987 1060 1124 1122 voculae
1148 1062 1228 1121 dare

125 1161 251 1236 monet,
285 1181 359 1225 cum
390 1167 494 1242 prima
516 1182 584 1225 vox
612 1167 654 1225 sit
682 1168 752 1226 iam
775 1162 934 1244 entiam,
967 1168 1042 1227 ideo
1065 1168 1144 1242 quia
1167 1167 1228 1226 hae

126 1287 206 1332 cum
238 1273 340 1332 verbo
375 1273 524 1347 sequenti
556 1289 656 1333 unam
688 1273 854 1333 notionem
888 1274 1021 1334 faciant.
1069 1271 1133 1333 Sed
1166 1289 1229 1332 nec

126 1377 252 1437 Caesar
283 1395 344 1438 nec
377 1379 550 1454 quisquam
586 1374 997 1439 Pseudo-Caesarianornm
1033 1379 1228 1455 scriptorum

125 1485 235 1543 ullum
258 1484 353 1544 huius
376 1500 455 1546 usus
479 1487 666 1561 exemplum
690 1486 843 1546 ostendit.
896 1485 998 1545 Multo
1022 1488 1157 1562 gravior
1179 1493 1229 1546 est

127 1591 288 1664 quaestio,
320 1588 485 1670 num-quc
509 1572 741 1667 praepositioni
766 1591 930 1653 adiciatur
953 1592 1094 1668 primum
1118 1593 1227 1673 locum

127 1696 302 1767 obtinenti,
328 1714 426 1773 quam
450 1715 538 1759 nunc
561 1699 748 1775 adgredior.
924 1679 928 1684 ¹

198 1908 229 1950 a.
264 1890 317 1950 De
340 1904 410 1969 quc
433 1889 660 1965 particulae
684 1905 769 1950 cum
792 1889 1172 1965 praepositionibus.

540 1996 830 2056 conlocatione.

238 2120 275 2179 In
303 2120 410 2179 lexico
434 2119 522 2194 quod
551 2118 742 2178 Inscribitur
773 2113 943 2193 ‘Harper’s
967 2119 1061 2178 Latin
1086 2119 1228 2179 Diction·

128 2222 202 2302 ary’
228 2225 368 2303 legimus
381 2221 423 2300 ἢκ
478 2220 560 2302 ‘Qua
586 2227 615 2284 is
644 2226 775 2302 usually
805 2226 979 2302 appended
1008 2233 1040 2286 to
1074 2227 1129 2286 the
1158 2228 1229 2286 first

128 2332 222 2393 word
255 2334 291 2392 oi
322 2332 376 2393 the
409 2333 538 2410 phrase,
573 2334 634 2393 but
664 2339 701 2392 to·
728 2350 748 2392 a
771 2350 857 2399 noua
891 2334 1001 2397 rather
1033 2333 1112 2393 than
1146 2342 1178 2394 to
1209 2352 1229 2392 o

129 2440 368 2515 monosyllabic
395 2440 595 2516 proposition
626 2439 812 2517 governing
844 2440 869 2497 it
899 2440 1009 2498 unless
1037 2441 1091 2499 the
1116 2456 1228 2516 prepo-

129 2546 229 2607 sition
262 2546 290 2605 is
322 2541 496 2622 repeated’.
547 2545 723 2621 Perperam
755 2547 836 2605 haec
869 2552 902 2605 et
934 2546 1041 2607 minus
1074 2548 1229 2605 accurate

129 2653 220 2713 dicta
255 2668 327 2712 esse
361 2669 426 2712 non
462 2651 577 2711 dubito
611 2653 819 2724 contendere,
855 2629 976 2710 etenim
1000 2652 1230 2726 inscriptiones

128 2759 372 2822 vetustissimae
398 2765 439 2819 -et
460 2759 568 2824 Plauti
597 2759 787 2819 comoediae
820 2774 948 2837 semper
972 2774 1034 2839 que
1066 2758 1228 2834 praeposi·

127 2866 212 2926 tioni
235 2866 402 2930 adnexum
425 2865 593 2936 exhibent,
617 2881 725 2939 nsque
749 2865 925 2925 discrimen
947 2871 996 2923 est
1012 2867 1121 2930 utrum
1138 2880 1229 2939 prae·

126 2974 247 3050 positio
271 2972 498 3048 monosyllaba
527 2973 570 3031 sit
597 2974 629 3031 et
661 2972 801 3047 repetita
834 2967 980 3046 neoness).
1040 2966 1229 3045 Antiquitas

127 3080 233 3156 igitur
255 3085 392 3155 apparet
415 3090 476 3157 que
496 3079 602 3153 primo
625 3079 728 3139 verbo
752 3094 824 3138 esse
848 3079 918 3139 sine
932 3074 1010 3139 'ulla
1034 3072 1229 3152 exceptione

127 3185 309 3245 adnexum.
364 3185 490 3245 Tamen
514 3202 578 3244 non
603 3185 738 3245 dubium
763 3191 812 3244 est
841 3185 920 3259 quin
952 3191 1066 3259 postea
1089 3186 1171 3244 haec
1195 3184 1229 3243 li·

126 3291 243 3352 bertas
275 3291 412 3351 artiores
445 3293 532 3351 intra
564 3291 728 3350 cancellos
761 3290 904 3350 coercita
937 3292 988 3350 sit
1036 3291 1106 3350 lam
1140 3289 1229 3366 apud

126 3398 321 3457 Terentium
353 3398 459 3457 tribus
492 3403 619 3456 tantum
653 3397 734 3456 locis
763 3411 825 3475 que
853 3396 1085 3472 praepositioni
1119 3413 1229 3455 mono·
1322 3454 1325 3458 .

126 3504 279 3580 syllabae
303 3502 496 3564 adiunctum
519 3509 568 3561 est
591 3509 625 3561 et
646 3519 712 3562 uno
737 3518 866 3577 qnoque
896 3503 967 3562 loco
992 3503 1227 3578 praepositioni

125 3610 289 3711 repetitae
298 3605 333 3684 4).
380 3609 477 3685 Apud
494 3610 676 3670 Varronem
705 3625 883 3684 numquam
907 3610 1143 3686 praepositioni
1167 3626 1229 3689 quc

125 3715 297 3786 adhaeret,
322 3716 381 3776 sed
404 3732 534 3791 semper
556 3714 681 3775 nomini
704 3717 864 3789 sequenti.
909 3715 1029 3788 Contra
1053 3733 1092 3775 ea
1116 3716 1228 3777 Cicero

124 3822 172 3881 ad
196 3821 316 3910 multas
339 3823 598 3898 praepositiones
621 3823 767 3897 applicat
790 3837 862 3901 que,
887 3823 930 3883 ad
953 3821 1029 3882 has:
1066 3817 1117 3897 de,
1142 3837 1228 3898 com,

239 4072 265 4140 1)
285 4071 323 4126 11.
342 4075 358 4136 fi
378 4070 438 4126 152.
460 4072 484 4126 1.
523 4026 524 4030 Ἰ
684 4070 712 4139 2)
732 4087 761 4141 p.
781 4071 859 4127 1509.

237 4161 265 4224 3)
284 4159 328 4215 Cf.
347 4158 448 4215 Ballas
469 4175 497 4230 p.
517 4159 559 4227 19,
579 4159 680 4215 Elmer
699 4175 727 4229 p.
746 4159 807 4214 302.
1136 4182 1158 4187 >-

236 4247 265 4317 4)
284 4247 353 4307 Ter.
371 4247 462 4304 Haut.
482 4245 544 4314 811,
563 4262 633 4304 com
652 4287 676 4302 ..
696 4263 837 4318 cumquc3
856 4247 934 4305 And.
950 4248 1011 4317 290,
1031 4248 1092 4317 tto,
1107 4263 1167 4317 per

120 4351 252 4411 perque.
1092 4348 1094 4352 “
