2916 5026
661 386 837 477 -ttss

554 693 586 762 1.
615 693 771 760 Verbum
794 693 945 759 linitum.

551 839 583 916 a)
606 841 741 902 Genus
766 840 955 899 activum.

305 970 362 1026 Ad
387 968 467 1025 talia
490 965 715 1040 componenda
739 963 858 1024 Caesar
886 964 1076 1039 saepissime
1100 965 1199 1042 utpute
1221 960 1299 1040 (ac),

172 1078 308 1135 minus
336 1090 432 1148 saepe
457 1074 498 1149 et,
522 1088 584 1150 que
607 1079 754 1145 usurpat.
788 1070 914 1129 Hirtius
938 1072 1047 1128 autom
1072 1069 1149 1128 solis
1173 1071 1300 1129 voculis

177 1168 309 1260 atque,
337 1179 399 1257 'que
422 1178 534 1247 utitur,
559 1191 736 1252 numquam
763 1176 802 1243 et,
828 1176 970 1248 itemque
995 1175 1028 1232 in
1053 1174 1142 1232 Bello
1160 1176 1300 1234 Alexan·

181 1289 296 1346 drino
332 1292 364 1343 ct
396 1286 431 1343 in
454 1283 544 1342 Bello
560 1282 681 1341 'Africo
715 1281 850 1339 eaedem
884 1281 1064 1356 particulae
1094 1286 1184 1339 tanto
1209 1296 1300 1356 prac-

182 1394 313 1450 valent
337 1399 373 1451 ut
397 1392 428 1450 ei
451 1391 484 1448 in
509 1384 681 1463 utroque1)
706 1388 769 1446 nisi
794 1388 844 1445 bis
860 1404 924 1446 non
943 1388 1138 1447 inveniatur.
1171 1387 1299 1447 Bellum

186 1498 420 1572 Hispaniense
444 1496 525 1554 nihil
549 1496 611 1554 nisi
638 1497 668 1553 el
692 1495 801 1552 habet.

490 1681 525 1761 b)
557 1685 712 1745 Genus
741 1684 999 1759 passivum.

307 1811 358 1868 hd
374 1810 506 1886 passiva
522 1809 720 1895 conligendo
733 1806 852 1867 Cacsar
876 1807 1067 1882 plerumque
1092 1810 1200 1886 elprae,
1224 1825 1299 1869 raro

192 1919 225 1975 et
263 1917 412 1985 adhibet,
454 1932 515 1994 que
555 1916 686 1974 omnino
726 1933 789 1975 non
832 1917 965 1974 adhibet
1001 1916 1149 1989 exeeptis
1186 1915 1300 1973 formis

192 2022 576 2096 quasl-periphrasticis‚
611 2035 696 2098 quae
726 2023 898 2096 participio
927 2021 1072 2096 perfecto
1108 2026 1182 2079 sunt
1215 2037 1299 2078 com·

193 2129 332 2203 positae.
379 2128 504 2187 Hirtius
528 2128 609 2185 nihil
633 2128 723 2186 aliud
747 2128 810 2202 nisi
835 2129 932 2206 atque
957 2126 1100 2185 adhibet.
1147 2127 1184 2186 lu
1209 2126 1299 2185 Bello

195 2234 423 2292 Alexandrino
440 2236 500 2292 soli
517 2241 583 2292 tres
599 2235 661 2292 loci
675 2229 699 2306 2)
717 2240 877 2308 apparent
894 2240 992 2307 atque
1016 2233 1048 2291 hi
1066 2248 1137 2311 que,
1162 2230 1193 2292 el
1210 2248 1300 2308 prae·

195 2341 287 2396 bent.
334 2340 371 2398 In
395 2341 485 2398 Bello
510 2330 621 2398 Africo
655 2357 767 2398 omncs
799 2340 979 2415 particulae
1013 2339 1083 2397 sine
1112 2339 1300 2398 discrimine

193 2453 409 2519 usurpantur.
456 2446 581 2505 Bellum
607 2446 833 2521 Hispaniense,
863 2447 910 2503 sic
934 2461 1032 2520 supra
1055 2446 1088 2503 in
1114 2445 1221 2503 activo
1248 2461 1300 2520 gc·

195 2566 278 2608 nere
301 2552 456 2622 vidimuS‚
482 2568 610 2627 sempor
634 2553 663 2610 et
687 2553 839 2610 ostendit.

306 2637 480 2733 Ringius³l
516 2666 604 2715 recto
638 2666 747 2716 monet
772 2656 944 2717 Caesarem
968 2661 1036 2716 tum
1061 2658 1204 2716 maxime
1228 2673 1299 2736 que,

195 2761 297 2840 atque
322 2745 386 2836 (cte)
404 2763 572 2831 adhibere,
598 2781 752 2838 spernere
777 2765 818 2840 et,
843 2780 915 2823 cum
934 2765 1072 2822 altorum
1088 2765 1225 2822 verbum
1251 2780 1301 2822 ar·

195 2870 317 2927 ticulus
342 2870 611 2926 subordinativus
641 2871 692 2926 rol
722 2871 930 2927 accusativus
959 2887 1031 2928 eum
1061 2871 1222 2928 infinitivo
1247 2888 1300 2929 ox·

196 2974 308 3049 cipiat,
335 2976 428 3033 euius
452 2978 583 3051 generis
614 2977 769 3050 plurimos
798 2976 979 3057 cumulavit
1003 2977 1091 3034 locos
1116 2995 1158 3035 cx
1182 2976 1301 3050 quibus

196 3080 324 3139 tantum
359 3076 461 3154 duo4)
494 3082 689 3156 particulam
723 3084 753 3140 et
786 3083 917 3141 habent.
962 3084 1130 3157 'Idemque
1164 3088 1302 3142 testatur

198 3185 336 3271 Hirtius,
362 3188 449 3261 apud
474 3204 570 3261 quom
594 3188 720 3246 nullum
745 3189 814 3246 cius
838 3190 926 3246 modi
944 3190 1130 3263 exemplum
1155 3198 1301 3265 apparet.

197 3289 317 3350 Contra
340 3310 379 3350 ca
403 3294 436 3350 in
461 3294 550 3350 Bello
575 3290 810 3363 Alexandrino,
840 3295 900 3351 etsi
925 3310 996 3372 pete,
1021 3296 1119 3373 atque
1145 3289 1209 3373 (ac)
1241 3296 1302 3353 fre·

199 3399 371 3470 quentiora
395 3402 479 3467 sunt,
505 3400 536 3457 et
560 3405 669 3457 tamen
687 3400 788 3458 libore
805 3408 991 3476 usurpatur.
1038 3399 1137 3459 Porro
1161 3402 1194 3459 in
1212 3401 1302 3460 Bello

198 3503 311 3561 Africo
335 3505 433 3582 atque
450 3505 538 3562 nullo
564 3506 634 3563 loeo
656 3498 841 3582 adhibetur,
867 3508 897 3565 et
920 3523 999 3566 vcro
1022 3507 1215 3581 particulam
1241 3524 1302 3586 que

199 3588 343 3684 superat.
391 3613 515 3669 Auctor
537 3612 619 3669 Bclli
644 3612 870 3687 Hispaniensis
893 3630 957 3671 uno
982 3606 1090 3692 loco⁵)
1114 3630 1175 3693 que
1200 3615 1301 3690 ponit,

197 3717 347 3776 omnibus
372 3719 445 3776 aliis
479 3720 519 3794 et.
567 3719 605 3777 In
639 3720 859 3777 commissuris
892 3720 1092 3778 finitivorum
1125 3721 1301 3780 verborum

198 3819 318 3880 Caesar
342 3828 467 3882 tantum
492 3826 657 3900 praesenti
689 3833 721 3884 et
750 3826 896 3900 perfecto
921 3825 1123 3900 temporibus
1147 3841 1208 3904 que
1231 3843 1302 3900 par·

197 3911 330 3986 ticulum
346 3928 515 4005 adiungit,
540 3931 688 4005 exceptis
712 3933 818 3990 tribus
842 3932 938 3990 locis:
961 3927 1229 4010 hortareturque,
1243 3930 1301 3990 ΠΙ.

205 4065 348 4072 ---.
370 4069 374 4072 .

224 4192 226 4196 ,
308 4147 920 4213 natamus.manentem.

304 4235 727 4299 atA.1.3:36.5240.2.
1127 4296 1129 4301 ,

303 4325 331 4391 3)
352 4325 406 4395 op.
426 4326 472 4379 eu.
493 4342 523 4395 p.
545 4326 584 4398 15,
619 4386 635 4407 ,ἦ
697 4327 726 4395 4)
747 4329 771 4382 1.
793 4327 939 4408 moti.
960 4329 1003 4383 et.
1022 4329 1048 4383 3.
1131 4327 1189 4393 Ι,5)
1210 4327 1253 4381 19.
1274 4329 1299 4382 a
