2916 5026
598 418 772 480 ,31-

247 595 1237 685 eruo,numa.24.3=t.49.221.41.2=4e.12
1299 569 1303 575 ’

132 704 231 769 45..2
249 731 256 768 =
274 710 332 769 ΙΙΙ.
353 703 403 768 13.
420 703 451 766 6.
1234 750 1236 755 .

245 810 305 875 rub
330 829 546 892 occasumque
569 809 660 888 solia,
686 808 716 872 2.
736 810 787 872 il.
804 809 836 872 6.
919 878 923 884 ,

245 953 427 1018 supraque,
451 938 491 996 ΙΙ.
510 931 541 996 9.
558 932 589 996 2.
607 932 694 1012 (bie).

203 1100 206 1104 -
246 1064 277 1122 et
302 1063 409 1138 trous,
434 1060 491 1120 111.
513 1055 563 1120 13.
580 1055 611 1120 6.

246 1186 331 1245 Hinc
359 1192 496 1259 apparet
520 1182 702 1260 Caesarem,
725 1167 809 1243 ¹eum
840 1183 1036 1258 praepositio
1068 1185 1236 1262 repetitur,

135 1293 322 1367 semper'ei
345 1290 571 1365 praescribere
595 1291 645 1350 his
656 1287 694 1365 1);
734 1290 822 1367 oute,
850 1305 928 1370 pro,
956 1292 1110 1371 propter,
1146 1287 1237 1368 siue,·

135 1399 237 1475 atque
261 1397 493 1472 praepositioni
517 1391 611 1475 apud
634 1397 888 1472 praescribere3·
910 1412 972 1475 que
1005 1397 1237 1473 praepositioni

128 1518 201 1584 per
230 1504 372 1562 adicere.
419 1494 466 1562 Ei
495 1494 594 1581 longe
625 1504 816 1579 praevalere
834 1518 918 1563 ¹eum
946 1504 997 1562 his
1021 1519 1043 1562 u
1065 1499 1143 1579 (ab),
1179 1499 1236 1582 ad,

136 1605 191 1687 de,
216 1624 280 1685 eu,·‘
312 1610 493 1669 locutiones
516 1606 583 1668 iu.
610 1652 616 1668 .
643 1652 650 1668 .
674 1605 774 1686 etin,
802 1605 838 1668 iu
861 1652 868 1668 .
894 1651 902 1667 .
927 1651 934 1668 .
959 1610 1058 1687 utque
1081 1605 1118 1668 iu
1141 1611 1237 1685 pares

135 1704 274 1776 numero
309 1731 390 1776 esse.
449 1716 529 1777 Cum
564 1717 763 1793 praepositio
798 1734 863 1776 non
900 1718 1075 1792 repetitur,
1107 1708 1256 1778 ¹Caesar¹

137 1837 268 1897 semper
284 1823 315 1881 et
331 1823 525 1898 particulam
537 1840 539 1844 ·
550 1825 641 1899 ponit
665 1829 741 1882 ente
758 1824 831 1882 has:
856 1824 943 1899 oute,
961 1836 1046 1899 cunt,
1057 1816 1235 1903 per‚'·po'st‚

131 1918 286 2008 praeter,
311 1923 382 2005 sub,
407 1930 523 2005 trorum
562 1944 623 2006 que
648 1930 798 2004 copulam
827 1928 921 1988 addit
937 1930 993 1987 ad
1017 1929 1089 1988 hes:
1126 1931 1235 2001 'ouium

137 2041 256 2114 cupra,
290 2030 419 2094 iuncte&
467 2027 576 2113 Atque
600 2020 752 2095 voculam
785 2050 913 2109 semper
947 2031 1143 2110 praeseribit
1166 2037 1236 2095 his:

138 2137 245 2220 apud,
262 2137 359 2201 iuter.
390 2137 438 2202 Et
461 2143 559 2220 longe
583 2142 751 2218 praevalet
775 2149 849 2199 ante
874 2142 951 2199 has:
976 2137 1094 2216 uiuo),
1111 2136 1167 2211 ud,
1185 2136 1236 2218 de‚'

132 2262 220 2328 prm·
244 2234 341 2326 utque
364 2255 440 2307 ente
456 2262 500 2308 eoo
515 2251 548 2306 et
568 2244 615 2306 iu.
637 2240 697 2307 ric
722 2263 855 2322 perraro
881 2254 956 2307 ante
980 2248 1236 2323 praepositiones

140 2356 286 2432 ponitur,
326 2355 419 2414 cuius
453 2371 531 2414 usus
573 2346 716 2430 quinque
752 2354 905 2430 exempla
940 2356 1042 2429 apud·
1064 2353 1236 2414 Caesarem

142 2468 236 2521 sunt:
270 2476 309 2520 uo
333 2461 460 2536 contro,
485 2474 525 2519 oc
549 2454 599 2536 de,
624 2475 663 2518 uc
681 2473 760 2539 pro,
785 2474 824 2518 uo
847 2455 919 2519 siue
937 2455 1025 2535 (bis),
1050 2473 1092 2518 ex
1117 2459 1236 2533 quibus

139 2583 179 2626 uc
202 2567 320 2628 couiru
343 2584 381 2627 eo
405 2567 511 2644 magis
534 2567 684 2641 mirabile
709 2572 758 2625 est
782 2567 931 2640 quodue
956 2566 1123 2625 molestius
1147 2566 1236 2625 andi·

140 2683 193 2734 tur
215 2690 355 2749 raroque
379 2675 569 2733 conlocatur
585 2678 661 2732 ante
684 2672 826 2732 litteram
850 2672 1061 2749 gutturalem.
1091 2671 1236 2732 Voculae

140 2779 181 2857 et,
205 2782 303 2859 utque
327 2787 403 2840 ante
424 2776 463 2839 ob
488 2796 583 2855 pares
607 2795 743 2839 numero
768 2785 853 2863 sunt.
985 2762 1011 2770 '⁵

246 2886 442 2962 Plerumque
466 2886 670 2963 Caesarque
694 2866 778 2943 vitat
802 2882 1100 2961 praepositionibus
1124 2885 1236 2944 adiun-

138 3008 228 3070 gere,
253 2993 396 3051 maxime
411 2992 655 3067 monosyllabis,
681 2992 774 3051 euius
798 2988 1028 3068 conligationis
1045 2991 1113 3050 sola
1129 3007 1235 3049 exem-

139 3100 195 3175 pla
218 3105 293 3159 sunt
311 3113 449 3178 perque,
484 3093 592 3176 adque
615 3094 693 3172 (bis)
719 3112 835 3175 euque,
859 3080 958 3174 tuque
982 3092 1077 3170 (·bis),·
1104 3097 1236 3155 omnino

139 3208 276 3278 septem.
334 3205 385 3263 Ex
418 3205 468 3263 his
503 3204 776 3279 praepositionem
797 3202 891 3262 non¹
909 3204 1031 3262 habent
1050 3193 1261 3279 repetitam

139 3312 203 3370 nisi
227 3307 323 3385 duo³)
348 3307 417 3384 (iu.
436 3352 465 3368 ..
490 3306 599 3388 euque,
618 3324 748 3388 per...
769 3304 919 3389 perque).
966 3306 1083 3369 Omisit
1106 3324 1168 3386 que
1194 3309 1236 3366 ad

139 3418 412 3493 praepositionem
438 3417 560 3475 addere
584 3424 616 3475 et
640 3417 772 3491 scripsit
801 3430 987 3496 unoquoque
1012 3431 1059 3474 eor.
1072 3417 1185 3494 purte,
1210 3415 1235 3476 I.

138 3517 227 3583 31.8
245 3535 252 3576 :
270 3519 329 3583 sub
352 3537 568 3600 occasumque
590 3517 679 3590 eolus,
703 3517 733 3581 2.
754 3515 842 3586 11.6
861 3517 1141 3599 :docereturque
1163 3537 1236 3580 cou·

138 3624 239 3706 culto,
264 3624 294 3688 l.
314 3626 341 3688 1.
361 3625 400 3686 l:
424 3620 463 3687 ob
488 3644 607 3706 eosque
633 3643 695 3699 res,
720 3623 750 3686 2.
768 3622 860 3708 35.4
884 3650 891 3686 :
916 3624 1149 3710 iux-auumque,
1178 3629 1235 3689 III.

139 3730 194 3795 82.
211 3732 242 3794 3.
273 3735 491 3810 Frequentior
514 3744 622 3795 autem
647 3736 734 3810 apud
759 3733 931 3794 Caesarem
953 3741 1008 3829 est!
1024 3737 1236 3795 commissura

249 3983 275 4046 1)
294 3981 423 4051 Ringius
443 3983 484 4052 (p.
505 3982 550 4049 19)
571 3996 730 4053 perperam
750 3980 835 4035 addit
855 3979 904 4048 ad,
923 3979 968 4034 de.

248 4071 276 4138 2)
295 4069 423 4141 Ringius
443 4071 481 4140 (p.
494 4070 536 4135 19)
556 4084 714 4140 perperam
735 4069 819 4123 addit
838 4067 936 4139 iufra,
956 4068 1037 4138 quod
1051 4067 1187 4137 verbum,
1207 4069 1238 4123 ni

138 4158 236 4227 fallor,
256 4175 324 4214 cum
344 4173 402 4235 que
422 4159 504 4229 apud
524 4157 683 4235 Caesarem
704 4174 765 4230 non
785 4158 896 4228 legitur
914 4158 1097 4228 copulatum.

246 4226 275 4316 ὲ)
296 4245 340 4303 (li.
371 4232 464 4318 supra
486 4247 675 4326 “contrariam
707 4262 745 4317 ex
774 4245 903 4318 Harperi
931 4246 1028 4315 lexico
1041 4306 1045 4313 q
1058 4245 1239 4317 sententiam

138 4322 358 4409 depromptam.
962 4323 965 4329 ’
