2910 5016
697 432 871 486 ,60-

238 629 297 672 nes
318 614 500 671 litterarum
516 613 705 671 Latinarum
729 618 852 671 aetates
862 608 896 685 1).
944 613 1040 688 Apud
1062 612 1232 672 Caesarem
1257 630 1338 672 sem·

191 763 193 767 .
239 734 298 793 per
330 720 398 778 fere
431 734 609 794 pronomen
646 721 937 802 demonstrativum
974 721 1097 794 excipit
1132 720 1337 794 particulam.

239 804 412 899 Exempla:
448 821 598 884 trabibus
626 827 725 903 atque
754 821 801 884 eis
823 821 1030 904 praeacutis,
1060 827 1083 883 1.
1102 821 1154 883 21.
1171 820 1207 884 4:
1236 842 1340 885 naues

235 925 475 1007 paratissimae
499 933 598 1008 atque
622 927 712 989 ouini
740 945 858 1010 penere
891 946 1064 988 arrnorurn
1092 928 1338 1002 ornatissimae,

240 1030 393 1094 3.14.2:
418 1033 524 1094 nostri
548 1032 671 1096 milites
691 1032 795 1117 facile
818 1033 1033 1116 superabant,
1058 1038 1155 1115 atque
1172 1015 1208 1097 eo
1233 1033 1341 1117 acopis

239 1137 337 1220 quod,
366 1150 441 1200 cett.
466 1137 497 1201 3.
519 1138 568 1203 14.
586 1137 620 1202 8:
651 1145 721 1202 51111.
746 1139 879 1202 5.1.2;
904 1144 988 1202 Hirt.
1016 1138 1066 1201 10.
1083 1139 1119 1200 4:
1145 1144 1196 1202 Af.
1222 1139 1309 1202 651
1331 1168 1339 1202 ι

240 1242 345 1306 38.1:
368 1244 494 1328 flumen
518 1266 584 1308 nno
609 1244 679 1308 ioco
697 1246 843 1328 pedibas
867 1251 964 1328 atque
988 1245 1047 1307 boo
1071 1265 1174 1328 aepre
1196 1247 1340 1309 transiri

238 1355 360 1432 poree,
394 1349 425 1413 1.
446 1348 496 1412 18.
517 1352 548 1413 1:
583 1338 655 1413 srmss
671 1350 702 1414 5.
722 1350 772 1414 15.
790 1351 824 1414 42
857 1357 883 1440 1.
901 1351 1007 1424 sus:
1040 1356 1082 1413 11.
1100 1351 1130 1414 1.
1148 1350 1181 1413 2:
1211 1356 1269 1415 111.
1288 1352 1341 1416 16.

243 1456 271 1518 1:
304 1456 489 1521 111616
514 1440 567 1519 so.
584 1458 614 1519 e.

510 1745 544 1813 7.
591 1745 726 1826 Atque
751 1747 1081 1814 asseverativum.

246 1882 248 1887 ’
348 1891 410 1949 Ρ61
433 1894 532 1970 atque
555 1893 706 1970 gradatio
736 1893 781 1950 116
811 1893 953 1951 efficitur
975 1901 1011 1950 ut
1036 1891 1122 1951 idem
1149 1892 1217 1950 fere
1242 1893 1342 1966 parti-

242 1998 316 2054 cula
340 1998 502 2074 significet
526 1998 613 2073 quod
638 2000 668 2057 et
691 2014 781 2073 sane,
807 1999 838 2056 et
861 2000 957 2073 certe,
983 2015 1046 2072 quo
1071 1999 1113 2056 ed
1131 1999 1286 2074 graviora
1310 2008 1343 2055 et

242 2104 367 2161 maiora
391 2106 492 2163 oratio
517 2105 683 2163 escendat.
730 2104 803 2162 Non
830 2120 905 2162 raro
929 2105 1098 2173 adverbia,
1128 2106 1219 2162 volut
1246 2100 1341 2180 adeo,

242 2202 389 2287 insuper,
427 2207 536 2287 etiarn,
566 2207 707 2290 quidem,
737 2211 801 2269 6116
834 2214 909 2269 511111
937 2206 1109 2285 adiceret).
1166 2211 1340 2285 Exempla:

241 2309 279 2383 'iu
300 2331 405 2373 unuin
421 2318 519 2394 atque
541 2318 719 2397 anpusturn
733 2310 850 2386 iocum,
875 2316 900 2373 1.
917 2310 971 2374 50.
988 2311 1023 2373 2:
1047 2331 1105 2394 spe
1122 2312 1344 2394 consequendi

243 2401 351 2482 inlata
375 2423 473 2501 atque
496 2418 627 2503 infinito
652 2417 765 2481 labore
785 2422 945 2500 suscepta,
970 2415 1000 2478 6.
1018 2416 1072 2479 43.
1089 2416 1124 2479 5:
1149 2417 1346 2504 impruden·-

244 2524 331 2588 tibus
359 2529 483 2589 nostris
513 2532 612 2607 atque
645 2524 823 2607 occupatis,
848 2522 879 2586 5.
900 2521 1001 2585 1531
1036 2523 1142 2607 diripi
1165 2523 1343 2587 Eburones

244 2637 341 2712 utque
357 2630 446 2693 ultro
460 2632 567 2694 omnis
583 2631 629 2695 ad
640 2629 808 2713 praedam
825 2630 965 2708 euocari,
990 2630 1021 2694 6.
1039 2629 1091 2694 35.
1109 2630 1144 2693 4:
1169 2630 1234 2694 ieoi
1247 2632 1342 2715 facto

245 2736 388 2819 equestri
405 2735 533 2818 proelio
550 2743 647 2819 atque
663 2736 817 2810 secundo,
833 2735 861 2799 7.
876 2734 928 2798 53.
947 2736 982 2799 2:
1007 2737 1086 2800 iura
1103 2735 1251 2820 lepesque
1268 2736 1343 2800 red·

246 2841 380 2906 diderat
396 2849 494 2924 atque
511 2841 577 2924 ipsi
593 2842 744 2904 Morinos
760 2842 971 2918 attribuerat,
998 2843 1027 2906 ἵ.
1046 2842 1098 2907 76.
1121 2844 1152 2905 l:
1177 2844 1344 2906 sustinent

134 2933 136 2938 ’
244 2948 297 3011 iiii
320 2953 419 3030 atque
443 2953 516 3010 arte
539 2947 752 3031 sollertiaque
775 2968 809 3012 se
834 2948 1016 3032 eupiicant,
1040 2954 1079 3012 A.
1100 2948 1149 3010 15.
1168 2948 1198 3011 6.
1245 2953 1344 3026 Apud

245 3058 416 3118 Caesarem
441 3058 573 3131 quidem
597 3059 722 3117 nullum
746 3061 858 3118 inveni
883 3061 1070 3134 exemplum
1095 3060 1189 3117 huius
1213 3060 1344 3134 generis

246 3181 319 3222 cum
343 3165 501 3222 adverbio
526 3165 649 3241 61111116,
674 3166 789 3244 sedin
815 3167 1059 3243 supplementis,
1084 3182 1158 3224 curn
1182 3161 1252 3224 suis
1276 3160 1344 3242 epi·

247 3265 333 3329 batis
363 3272 461 3350 utque
485 3266 585 3330 etiam
608 3265 752 3330 bostium
776 3267 976 3341 custodibus,
1003 3272 1055 3330 Af.
1072 3265 1125 3329 63.
1142 3265 1172 3329 3.

313 3555 349 3618 8.
396 3554 468 3619 Per
492 3560 616 3634 atqcue
638 3556 720 3634 (66)
742 3555 982 3638 particulam
1006 3533 1193 3620 transitio
1216 3553 1272 3619 fit.

353 3700 452 3758 Multo
486 3700 616 3774 saepius
648 3715 744 3773 quam
779 3707 907 3758 ceterae
931 3699 1111 3773 particulae
1138 3695 1346 3770 copulativae

246 3807 343 3883 utque
368 3806 400 3862 in
422 3806 515 3864 initio
538 3806 698 3864 enuntiati
715 3807 855 3880 positum
878 3805 959 3863 facit
975 3803 1200 3861 transitionem
1225 3802 1268 3859 ud
1291 3819 1346 3860 no-

246 3928 321 3968 vam
347 3912 540 3969 sententiam
565 3912 796 3969 velorationis
827 3919 963 3987 purtem.
1011 3909 1115 3984 Quam
1145 3923 1220 3966 1616
1245 3908 1348 3965 etita

356 4077 444 4147 nef.
465 4078 603 4147 Dracgcr
622 4078 659 4131 II.
681 4095 708 4148 p.
723 4079 766 4132 50.
800 4077 890 4147 Apud
910 4077 1051 4130 Plautum
1071 4076 1182 4143 (Bellus
1202 4076 1224 4129 1.
1244 4091 1272 4144 p.
1287 4075 1347 4143 38);

248 4168 425 4233 Varronem,
445 4166 621 4222 Ciceronem
643 4167 769 4236 (Merten
789 4183 817 4236 p.
836 4167 894 4235 52);
914 4166 1053 4221 Tacitum
1074 4165 1182 4236 (Spitta
1202 4180 1229 4233 p.
1249 4163 1304 4227 39).

354 4257 382 4324 2)
402 4257 448 4310 De
467 4256 523 4310 hoc
542 4271 601 4310 usu
621 4256 704 4326 apud
723 4255 798 4309 alios
814 4256 974 4326 scriptores
994 4255 1031 4311 cf.
1046 4254 1186 4323 Drueger
1205 4251 1243 4305 II.
1263 4267 1290 4321 p.
1301 4251 1347 4316 47,

248 4346 347 4407 Bellus
366 4345 389 4398 Ι.
408 4362 436 4417 p.
455 4344 498 4413 31,
519 4344 632 4401 Merten
652 4361 680 4418 p.
700 4343 743 4404 45.
1135 4351 1138 4357 '
