2916 5026
641 430 814 485 -54..

284 610 465 682 Sallustius,
483 627 508 669 s.
522 605 600 686 (25),
617 627 648 686 p.
662 605 741 684 (24),
758 627 800 669 m.
816 606 896 686 (20),
913 612 946 670 d.
964 606 1042 685 (12),
1060 630 1091 670 n.
1106 607 1165 687 (l),
1178 619 1202 671 t.
1216 607 1275 687 (5).

178 717 201 774 f.
220 710 277 790 (4),
294 716 326 775 b.
344 733 376 773 v.
394 718 413 774 l.
431 732 457 774 r.
472 711 531 791 (2).

285 820 413 891 Caesar,
431 838 461 896 p.
476 817 555 897 (60),
582 839 607 880 s.
620 816 699 899 (59),
727 828 750 881 t.
765 816 845 896 (39),
871 840 903 881 n.
918 817 999 897 (24),
1016 825 1037 882 l.
1050 817 1130 898 (23),
1148 825 1180 883 d.
1194 819 1277 900 (22),

178 945 220 987 m.
235 923 311 1004 (19),
328 944 355 987 r·
368 922 448 1003 (18),
465 929 488 986 f·
503 925 580 1006 (17),
596 944 628 987 v.
643 923 701 1005 (9),
719 930 752 988 b·
766 923 823 1005 (6),
841 930 862 988 i·
877 921 934 1007 (4).

284 1035 420 1104 Hirtino,
437 1051 468 1110 p.
483 1023 541 1109 (5),
558 1051 583 1092 s.
597 1029 654 1109 (4),
669 1050 701 1093 v.
716 1029 774 1109 (3),
792 1043 812 1092 t.
831 1030 888 1108 (2),
906 1035 937 1093 d.
955 1036 977 1093 f.
995 1036 1016 1093 i.
1034 1036 1054 1094 l.
1071 1052 1114 1093 m.
1131 1032 1229 1111 n.(l).

284 1140 407 1200 Auctor
417 1141 452 1199 B.
463 1142 569 1211 Alex„
581 1141 612 1199 d.
626 1137 704 1215 (11),
716 1158 747 1216 p.
762 1135 820 1216 (8),
831 1158 873 1200 m.
888 1137 947 1216 (7),
961 1142 984 1199 i.
998 1135 1055 1216 (4),
1067 1148 1089 1200 t.
1099 1136 1157 1221 (4),
1174 1136 1274 1218 n.(3)‚

179 1263 204 1306 s.
218 1237 272 1323 (3),
288 1263 320 1304 r.
335 1242 393 1320 (1).

283 1350 626 1422 Pseudo-Cornificius,
651 1369 779 1428 semper
803 1369 828 1411 s.
847 1354 868 1411 i.

285 1455 419 1528 Seneca,
441 1474 466 1516 s.
484 1474 515 1532 p.
534 1458 565 1516 d.
582 1475 625 1516 m.
642 1459 663 1517 l.
679 1474 711 1516 v.
729 1459 752 1517 f.
771 1475 794 1517 r.
812 1465 834 1516 t.
851 1476 882 1517 n.
899 1459 932 1516 b.
949 1459 970 1516 i.

284 1564 375 1621 Licet
406 1564 522 1639 negari
554 1579 619 1622 non
653 1565 756 1638 possit
788 1565 914 1622 variam
945 1564 1030 1623 hanc
1054 1567 1276 1639 frequentiam

179 1670 322 1745 pendere
345 1667 487 1742 quodam
510 1669 606 1727 modo
630 1685 672 1728 ex
696 1670 819 1728 maiore
834 1669 888 1728 vel
908 1670 1033 1729 minore
1050 1672 1145 1746 copia
1161 1688 1276 1732 corum

178 1777 354 1835 verborum
378 1791 467 1848 quae·
484 1790 505 1833 a
528 1775 667 1852 singulis
689 1775 807 1835 litteris
831 1775 1000 1850 incipiant,
1025 1783 1134 1836 tamen
1158 1795 1203 1836 ex
1225 1779 1277 1838 his

179 1881 333 1941 indiculis
357 1887 504 1956 apparet,
528 1879 688 1957 praeferri
711 1882 838 1941 litteras
855 1883 937 1942 alias
954 1884 1035 1942 alias
1051 1884 1160 1956 vitari,
1185 1885 1276 1944 ideo·

179 2004 242 2061 que
275 1988 375 2047 aliam
408 2003 542 2047 oausam
575 2003 646 2046 esse
679 1988 946 2062 conquirendam.
992 1989 1106 2063 Neque
1136 1990 1278 2051 dubium

177 2101 226 2154 est
253 2095 333 2169 quin
362 2096 445 2154 tales
480 2096 717 2172 conligationes
752 2097 982 2171 praeferantur
1021 2113 1106 2171 quae
1141 2104 1276 2174 gratum

178 2217 293 2261 sonum
309 2202 460 2261 efficiant.
496 2200 619 2261 Ordine
642 2203 822 2262 litterarum
848 2203 995 2277 inspecto
1011 2202 1163 2264 videmus
1184 2207 1276 2280 apud

177 2324 289 2367 omnes
312 2309 371 2368 hos
394 2309 588 2384 particulam
612 2310 755 2369 maxime
771 2311 862 2389 adp,
888 2317 956 2370 tum
973 2311 1016 2369 ad
1036 2327 1053 2371 a
1076 2326 1275 2386 propensam

178 2427 260 2492 esse,
295 2429 391 2491 porro
424 2415 558 2490 liquidis
590 2432 656 2474 non
689 2416 840 2475 omnibus
869 2434 912 2476 ex
941 2433 1046 2490 aequo
1076 2417 1190 2476 favere
1215 2418 1277 2477 sed

177 2522 337 2597 imprimis
353 2538 397 2598 m,
421 2527 489 2581 turn
505 2537 538 2581 rt.
586 2521 789 2597 Quamquam
813 2523 884 2582 fieri
907 2529 1014 2598 potest
1036 2526 1073 2583 nt
1096 2524 1212 2583 latiore
1235 2541 1276 2583 ac

178 2629 321 2703 plurium
345 2630 541 2704 scriptorum
561 2630 773 2705 indagatione
789 2629 1026 2704 aliquantulum
1042 2630 1104 2688 hoe
1120 2637 1276 2690 eventum

178 2740 331 2794 mutetur.
356 2734 547 2794 summatim
571 2742 681 2795 tamen
705 2736 793 2794 dico:
817 2751 857 2796 oo
878 2753 944 2795 non
960 2736 1126 2796 antecedit
1140 2737 1276 2795 vocales

177 2857 238 2900 nec
263 2841 387 2900 litteras
411 2836 432 2899 11
453 2844 485 2900 et
505 2857 535 2921 q,
559 2855 693 2917 perraro
717 2858 747 2922 q,
772 2858 845 2910 raro
871 2857 897 2902 c.
944 2841 1141 2917 Saepissime
1164 2849 1276 2901 exstat

82 2934 84 2939 ’
177 2954 253 3007 ante
264 2964 301 3027 p,
318 2965 345 3025 a,
370 2955 403 3007 et
425 2949 568 3024 liquidas
593 2965 637 3027 m,
655 2964 688 3008 rt.
723 2947 836 3009 Obiter
859 2950 957 3021 addo,
982 2950 1069 3023 quod
1093 2966 1137 3008 ex
1159 2949 1276 3009 tabula

180 3055 367 3131 conligitur,
396 3055 572 3130 aliquando
596 3070 635 3114 ao
664 3055 776 3114 sedem
799 3056 921 3114 habere
944 3072 1039 3130 posse
1064 3051 1175 3114 antei
1200 3071 1276 3114 con·

178 3165 361 3222 sonantem:
386 3161 582 3238 quinquiens
606 3177 646 3221 ac
668 3157 758 3223 iam:
784 3155 815 3220 3.
832 3155 862 3220 3.
880 3156 901 3219 2
924 3183 932 3220 :
955 3156 986 3220 9.
1004 3156 1024 3219 6
1048 3183 1055 3220 :
1081 3155 1131 3220 15.
1149 3155 1170 3220 3
1188 3183 1195 3219 :
1216 3161 1273 3220 ΙΙΙ.

178 3263 231 3328 at.
249 3263 267 3327 l
282 3292 290 3327 ε
304 3269 387 3328 Hirt.
404 3264 454 3332 12.
474 3266 490 3327 1
507 3292 514 3328 :
532 3270 632 3329 semel
656 3267 696 3328 ac
718 3264 879 3339 iumenta,
896 3268 949 3327 Ar.
966 3262 1020 3327 69.
1033 3261 1066 3327 5.

285 3368 394 3454 Atque
414 3372 613 3449 Mertenus1)
638 3375 733 3434 docet
757 3380 921 3434 oratorum
944 3379 1092 3433 veterum
1116 3375 1274 3448 reliquias

177 3488 209 3539 et
243 3481 374 3540 fabulas
402 3482 566 3556 plautinae
593 3481 778 3555 promiscue
813 3487 889 3539 ante
922 3480 1054 3539 vocales
1093 3487 1126 3539 et
1162 3496 1274 3540 conso·

178 3592 294 3645 nantes
318 3587 457 3661 positum
486 3587 620 3661 habere3
657 3587 716 3646 sed
744 3587 939 3662 posteriores
968 3586 1144 3660 scriptores
1167 3587 1274 3662 magis

177 3693 347 3769 magisque
381 3693 654 3753 circumscribunt
687 3694 772 3753 hanc
801 3694 996 3764 libertatem,
1033 3698 1131 3766 atque
1163 3692 1210 3750 ita
1237 3698 1274 3751 ut

178 3800 312 3860 Tacitus
321 3796 357 3877 ²),
393 3817 504 3875 quem¹
522 3817 623 3859 unum
657 3800 813 3859 adtulisse
847 3800 925 3858 satis
956 3800 1027 3870 erit,
1063 3805 1194 3875 praeter
1218 3816 1274 3858 eos

179 3906 267 3964 locos
291 3907 409 3980 quibus
433 3907 653 3966 necessarium
678 3907 728 3982 sit,
753 3907 788 3964 id
804 3921 879 3965 raro
895 3907 1040 3980 usurpet.
1084 3905 1181 3981 Apud
1198 3904 1274 3965 an-

179 4028 285 4069 sarem
317 4014 414 4091 atque
446 4014 616 4072 vocalibus
652 4013 861 4087 anteponitur
893 4012 973 4070 locis
1012 4004 1087 4087 758,
1123 4011 1150 4069 si
1184 4017 1273 4070 reete

289 4247 315 4316 1)
334 4245 378 4302 or.
397 4262 425 4316 p.
444 4246 487 4300 41.

287 4335 315 4405 a)
336 4333 379 4391 or.
399 4333 496 4407 sputa
515 4352 544 4406 p.
562 4336 606 4390 aa
