<?xml version="1.0" encoding="UTF-8"?>
<!DOCTYPE html PUBLIC "-//W3C//DTD XHTML 1.0 Transitional//EN"
    "http://www.w3.org/TR/xhtml1/DTD/xhtml1-transitional.dtd">
<html xmlns="http://www.w3.org/1999/xhtml" xml:lang="en" lang="en">
 <head>
  <title>
</title>
<meta http-equiv="Content-Type" content="text/html;charset=utf-8" />
  <meta name='ocr-system' content='tesseract 3.04.00' />
  <meta name='ocr-capabilities' content='ocr_page ocr_carea ocr_par ocr_line ocrx_word'/>
</head>
<body>
  <div class='ocr_page' id='page_1' title='image "./departicularumc00ooggoog_0076.png"; bbox 0 0 2916 5026; ppageno 0'>
   <div class='ocr_carea' id='block_1_1' title="bbox 584 387 761 446">
    <p class='ocr_par' dir='ltr' id='par_1_1' title="bbox 584 387 761 446">
     <span class='ocr_line' id='line_1_1' title="bbox 584 387 761 446; baseline -0.006 -14"><span class='ocrx_word' id='word_1_1' title='bbox 584 387 761 446; x_wconf 71' lang='grc'><strong>-63-</strong></span> 
     </span>
    </p>
   </div>
   <div class='ocr_carea' id='block_1_2' title="bbox 10 564 1215 1400">
    <p class='ocr_par' dir='ltr' id='par_1_2' title="bbox 10 564 1215 1400">
     <span class='ocr_line' id='line_1_2' title="bbox 51 564 1215 653; baseline -0.005 -15"><span class='ocrx_word' id='word_1_2' title='bbox 51 569 240 638; x_wconf 80' lang='lat' dir='ltr'><em>concluso</em></span> <span class='ocrx_word' id='word_1_3' title='bbox 277 570 384 636; x_wconf 87' lang='lat' dir='ltr'><em>mari</em></span> <span class='ocrx_word' id='word_1_4' title='bbox 407 577 505 653; x_wconf 78' lang='lat' dir='ltr'><em>atque</em></span> <span class='ocrx_word' id='word_1_5' title='bbox 528 568 565 632; x_wconf 87' lang='lat' dir='ltr'><em>in</em></span> <span class='ocrx_word' id='word_1_6' title='bbox 582 614 591 632; x_wconf 92' lang='lat'><strong>.</strong></span> <span class='ocrx_word' id='word_1_7' title='bbox 608 614 615 629; x_wconf 92' lang='lat'><strong>.</strong></span> <span class='ocrx_word' id='word_1_8' title='bbox 633 567 775 648; x_wconf 82' lang='lat' dir='ltr'><em>Oceano,</em></span> <span class='ocrx_word' id='word_1_9' title='bbox 800 565 830 630; x_wconf 87' lang='lat'><em>3.</em></span> <span class='ocrx_word' id='word_1_10' title='bbox 847 564 878 630; x_wconf 90' lang='grc'><em>9.</em></span> <span class='ocrx_word' id='word_1_11' title='bbox 896 565 930 630; x_wconf 77' lang='lat' dir='ltr'><em>i:</em></span> <span class='ocrx_word' id='word_1_12' title='bbox 955 566 1013 651; x_wconf 83' lang='lat' dir='ltr'><em>qui</em></span> <span class='ocrx_word' id='word_1_13' title='bbox 1028 565 1123 652; x_wconf 71' lang='lat' dir='ltr'><em>ionae</em></span> <span class='ocrx_word' id='word_1_14' title='bbox 1142 564 1215 632; x_wconf 85' lang='lat' dir='ltr'><em>alia</em></span> 
     </span>
     <span class='ocr_line' id='line_1_3' title="bbox 56 672 1212 760; baseline -0.006 -16"><span class='ocrx_word' id='word_1_15' title='bbox 56 679 212 744; x_wconf 78' lang='lat' dir='ltr'><em>ratione</em></span> <span class='ocrx_word' id='word_1_16' title='bbox 262 698 315 742; x_wconf 88' lang='lat' dir='ltr'><em>ao</em></span> <span class='ocrx_word' id='word_1_17' title='bbox 348 675 470 760; x_wconf 77' lang='lat' dir='ltr'><strong><em>reliqui</em></strong></span> <span class='ocrx_word' id='word_1_18' title='bbox 493 673 587 740; x_wconf 83' lang='lat' dir='ltr'><em>Galli</em></span> <span class='ocrx_word' id='word_1_19' title='bbox 611 672 733 738; x_wconf 86' lang='lat' dir='ltr'><em>beilum</em></span> <span class='ocrx_word' id='word_1_20' title='bbox 758 692 873 758; x_wconf 68' lang='lat' dir='ltr'><em>oerore</em></span> <span class='ocrx_word' id='word_1_21' title='bbox 897 682 1087 757; x_wconf 81' lang='lat' dir='ltr'><em>coeperunt,</em></span> <span class='ocrx_word' id='word_1_22' title='bbox 1111 672 1142 738; x_wconf 88' lang='lat'><em>3.</em></span> <span class='ocrx_word' id='word_1_23' title='bbox 1159 672 1212 738; x_wconf 76' lang='lat'><em>28.</em></span> 
     </span>
     <span class='ocr_line' id='line_1_4' title="bbox 65 778 1214 863; baseline -0.004 -14"><span class='ocrx_word' id='word_1_24' title='bbox 65 787 99 849; x_wconf 87' lang='lat' dir='ltr'><em>l:</em></span> <span class='ocrx_word' id='word_1_25' title='bbox 125 791 221 850; x_wconf 80' lang='lat' dir='ltr'><em>sim.</em></span> <span class='ocrx_word' id='word_1_26' title='bbox 245 784 292 849; x_wconf 76' lang='grc'><em>’1.</em></span> <span class='ocrx_word' id='word_1_27' title='bbox 309 783 463 847; x_wconf 66' lang='lat'><strong>14227.</strong></span> <span class='ocrx_word' id='word_1_28' title='bbox 476 780 529 846; x_wconf 86' lang='lat'><em>33.</em></span> <span class='ocrx_word' id='word_1_29' title='bbox 547 780 568 844; x_wconf 91' lang='grc'><strong>3</strong></span> <span class='ocrx_word' id='word_1_30' title='bbox 585 807 593 845; x_wconf 86' lang='lat'>:</span> <span class='ocrx_word' id='word_1_31' title='bbox 612 781 641 845; x_wconf 72' lang='grc' dir='ltr'><em>ἵ.</em></span> <span class='ocrx_word' id='word_1_32' title='bbox 659 780 712 844; x_wconf 78' lang='lat'><em>59.</em></span> <span class='ocrx_word' id='word_1_33' title='bbox 729 778 843 844; x_wconf 78' lang='lat'><strong>3:111.</strong></span> <span class='ocrx_word' id='word_1_34' title='bbox 855 778 909 844; x_wconf 81' lang='lat'><em>51.</em></span> <span class='ocrx_word' id='word_1_35' title='bbox 926 778 961 843; x_wconf 79' lang='lat'><em>4:</em></span> <span class='ocrx_word' id='word_1_36' title='bbox 986 780 1074 863; x_wconf 80' lang='lat' dir='ltr'><em>quod</em></span> <span class='ocrx_word' id='word_1_37' title='bbox 1097 786 1214 845; x_wconf 79' lang='lat' dir='ltr'><em>eontra</em></span> 
     </span>
     <span class='ocr_line' id='line_1_5' title="bbox 70 885 1215 976; baseline -0.004 -19"><span class='ocrx_word' id='word_1_38' title='bbox 70 898 181 976; x_wconf 79' lang='lat' dir='ltr'><em>atque</em></span> <span class='ocrx_word' id='word_1_39' title='bbox 214 896 321 956; x_wconf 77' lang='lat' dir='ltr'><em>esset</em></span> <span class='ocrx_word' id='word_1_40' title='bbox 355 889 489 964; x_wconf 77' lang='lat' dir='ltr'><em>diotone,</em></span> <span class='ocrx_word' id='word_1_41' title='bbox 523 899 598 952; x_wconf 82' lang='lat' dir='ltr'><em>cett.</em></span> <span class='ocrx_word' id='word_1_42' title='bbox 620 887 650 950; x_wconf 89' lang='grc'><em>4.</em></span> <span class='ocrx_word' id='word_1_43' title='bbox 671 885 775 950; x_wconf 67' lang='lat' dir='ltr'><em>tuo:</em></span> <span class='ocrx_word' id='word_1_44' title='bbox 800 892 871 951; x_wconf 90' lang='lat' dir='ltr'><em>sim.</em></span> <span class='ocrx_word' id='word_1_45' title='bbox 888 891 947 950; x_wconf 90' lang='lat' dir='ltr'><strong>III.</strong></span> <span class='ocrx_word' id='word_1_46' title='bbox 966 886 1069 951; x_wconf 64' lang='lat'><em>122:</em></span> <span class='ocrx_word' id='word_1_47' title='bbox 1099 888 1215 971; x_wconf 82' lang='lat' dir='ltr'><em>Neque</em></span> 
     </span>
     <span class='ocr_line' id='line_1_6' title="bbox 10 990 1214 1079; baseline -0.006 -15"><span class='ocrx_word' id='word_1_48' title='bbox 10 1000 12 1015; x_wconf 93' lang='lat'>&#39;</span> <span class='ocrx_word' id='word_1_49' title='bbox 77 1000 176 1064; x_wconf 86' lang='lat' dir='ltr'><em>enim</em></span> <span class='ocrx_word' id='word_1_50' title='bbox 207 997 325 1063; x_wconf 80' lang='lat' dir='ltr'><em>aliud</em></span> <span class='ocrx_word' id='word_1_51' title='bbox 348 997 401 1061; x_wconf 82' lang='lat' dir='ltr'><em>ias</em></span> <span class='ocrx_word' id='word_1_52' title='bbox 425 1016 493 1060; x_wconf 82' lang='lat' dir='ltr'><em>esse</em></span> <span class='ocrx_word' id='word_1_53' title='bbox 515 991 749 1079; x_wconf 78' lang='lat' dir='ltr'><em>Cappadociae</em></span> <span class='ocrx_word' id='word_1_54' title='bbox 773 1001 871 1078; x_wconf 79' lang='lat' dir='ltr'><em>atque</em></span> <span class='ocrx_word' id='word_1_55' title='bbox 887 990 1079 1068; x_wconf 83' lang='lat' dir='ltr'><em>Armeniae,</em></span> <span class='ocrx_word' id='word_1_56' title='bbox 1104 999 1143 1059; x_wconf 82' lang='lat' dir='ltr'><em>A.</em></span> <span class='ocrx_word' id='word_1_57' title='bbox 1160 992 1214 1057; x_wconf 85' lang='lat'><em>35.</em></span> 
     </span>
     <span class='ocr_line' id='line_1_7' title="bbox 80 1099 1215 1186; baseline -0.004 -18"><span class='ocrx_word' id='word_1_58' title='bbox 80 1105 118 1168; x_wconf 80' lang='lat'><em>2:</em></span> <span class='ocrx_word' id='word_1_59' title='bbox 146 1103 270 1180; x_wconf 84' lang='lat' dir='ltr'><em>Quod</em></span> <span class='ocrx_word' id='word_1_60' title='bbox 296 1103 328 1167; x_wconf 79' lang='lat' dir='ltr'><em>oi</em></span> <span class='ocrx_word' id='word_1_61' title='bbox 348 1102 420 1167; x_wconf 80' lang='lat' dir='ltr'><em>ulia</em></span> <span class='ocrx_word' id='word_1_62' title='bbox 443 1108 527 1166; x_wconf 82' lang='lat' dir='ltr'><em>esset</em></span> <span class='ocrx_word' id='word_1_63' title='bbox 550 1101 660 1166; x_wconf 85' lang='lat' dir='ltr'><em>litoris</em></span> <span class='ocrx_word' id='word_1_64' title='bbox 684 1099 844 1186; x_wconf 72' lang='lat' dir='ltr'><em>Aeqyptii</em></span> <span class='ocrx_word' id='word_1_65' title='bbox 877 1106 1003 1164; x_wconf 81' lang='lat' dir='ltr'><em>natura</em></span> <span class='ocrx_word' id='word_1_66' title='bbox 1026 1105 1125 1183; x_wconf 82' lang='lat' dir='ltr'><em>atque</em></span> <span class='ocrx_word' id='word_1_67' title='bbox 1149 1119 1215 1164; x_wconf 87' lang='lat' dir='ltr'><em>om·</em></span> 
     </span>
     <span class='ocr_line' id='line_1_8' title="bbox 85 1204 1214 1292; baseline -0.005 -18"><span class='ocrx_word' id='word_1_68' title='bbox 85 1211 193 1275; x_wconf 85' lang='lat' dir='ltr'><em>nium</em></span> <span class='ocrx_word' id='word_1_69' title='bbox 221 1208 450 1292; x_wconf 84' lang='lat' dir='ltr'><em>reliquorum,</em></span> <span class='ocrx_word' id='word_1_70' title='bbox 475 1213 513 1270; x_wconf 84' lang='lat' dir='ltr'><em>A.</em></span> <span class='ocrx_word' id='word_1_71' title='bbox 531 1206 562 1271; x_wconf 89' lang='grc'><em>8.</em></span> <span class='ocrx_word' id='word_1_72' title='bbox 579 1206 615 1283; x_wconf 80' lang='lat'><em>2:</em></span> <span class='ocrx_word' id='word_1_73' title='bbox 641 1207 702 1271; x_wconf 82' lang='lat' dir='ltr'><em>elsi</em></span> <span class='ocrx_word' id='word_1_74' title='bbox 725 1214 799 1271; x_wconf 83' lang='lat' dir='ltr'><em>erat</em></span> <span class='ocrx_word' id='word_1_75' title='bbox 831 1226 898 1269; x_wconf 86' lang='lat' dir='ltr'><em>non</em></span> <span class='ocrx_word' id='word_1_76' title='bbox 921 1204 1084 1270; x_wconf 75' lang='lat' dir='ltr'><em>dissimile</em></span> <span class='ocrx_word' id='word_1_77' title='bbox 1115 1211 1214 1286; x_wconf 78' lang='lat' dir='ltr'><em>atquo</em></span> 
     </span>
     <span class='ocr_line' id='line_1_9' title="bbox 91 1311 932 1400; baseline -0.007 -19"><span class='ocrx_word' id='word_1_78' title='bbox 91 1315 350 1381; x_wconf 76' lang='lat' dir='ltr'><em>Alexandriae</em></span> <span class='ocrx_word' id='word_1_79' title='bbox 373 1334 478 1400; x_wconf 69' lang='lat' dir='ltr'><em>aenas</em></span> <span class='ocrx_word' id='word_1_80' title='bbox 501 1312 742 1399; x_wconf 77' lang='lat' dir='ltr'><em>aedificiorum,</em></span> <span class='ocrx_word' id='word_1_81' title='bbox 768 1318 805 1376; x_wconf 88' lang='grc' dir='ltr'><em>Α.</em></span> <span class='ocrx_word' id='word_1_82' title='bbox 833 1311 932 1376; x_wconf 89' lang='grc'><strong>18.1.</strong></span> 
     </span>
    </p>
   </div>
   <div class='ocr_carea' id='block_1_3' title="bbox 99 1624 1215 2128">
    <p class='ocr_par' dir='ltr' id='par_1_3' title="bbox 99 1624 1215 2128">
     <span class='ocr_line' id='line_1_10' title="bbox 217 1624 1215 1700; baseline 0.001 -16"><span class='ocrx_word' id='word_1_83' title='bbox 217 1624 426 1700; x_wconf 85' lang='lat' dir='ltr'>Propositum</span> <span class='ocrx_word' id='word_1_84' title='bbox 450 1624 529 1685; x_wconf 90' lang='lat' dir='ltr'><em>mihi</em></span> <span class='ocrx_word' id='word_1_85' title='bbox 552 1627 623 1684; x_wconf 85' lang='lat' dir='ltr'><em>oret</em></span> <span class='ocrx_word' id='word_1_86' title='bbox 645 1625 739 1684; x_wconf 89' lang='lat' dir='ltr'><em>initio</em></span> <span class='ocrx_word' id='word_1_87' title='bbox 766 1641 833 1684; x_wconf 82' lang='lat' dir='ltr'><em>una</em></span> <span class='ocrx_word' id='word_1_88' title='bbox 855 1624 1018 1685; x_wconf 80' lang='lat' dir='ltr'><em>disserere</em></span> <span class='ocrx_word' id='word_1_89' title='bbox 1041 1626 1082 1685; x_wconf 87' lang='lat' dir='ltr'><em>do</em></span> <span class='ocrx_word' id='word_1_90' title='bbox 1110 1642 1215 1686; x_wconf 76' lang='lat' dir='ltr'><em>corre</em></span> 
     </span>
     <span class='ocr_line' id='line_1_11' title="bbox 99 1731 1214 1807; baseline 0.001 -15"><span class='ocrx_word' id='word_1_91' title='bbox 99 1733 245 1801; x_wconf 78' lang='lat' dir='ltr'><em>latione,</em></span> <span class='ocrx_word' id='word_1_92' title='bbox 271 1731 510 1807; x_wconf 87' lang='lat' dir='ltr'><em>polysyndetls,</em></span> <span class='ocrx_word' id='word_1_93' title='bbox 534 1732 714 1807; x_wconf 77' lang='lat' dir='ltr'><em>asyndetis‚</em></span> <span class='ocrx_word' id='word_1_94' title='bbox 739 1748 803 1805; x_wconf 90' lang='lat' dir='ltr'><em>quo</em></span> <span class='ocrx_word' id='word_1_95' title='bbox 822 1733 920 1791; x_wconf 89' lang='lat' dir='ltr'><em>modo</em></span> <span class='ocrx_word' id='word_1_96' title='bbox 938 1731 1027 1807; x_wconf 82' lang='lat' dir='ltr'><em>apud</em></span> <span class='ocrx_word' id='word_1_97' title='bbox 1053 1733 1111 1792; x_wconf 93' lang='lat' dir='ltr'><em>hos</em></span> <span class='ocrx_word' id='word_1_98' title='bbox 1137 1733 1214 1793; x_wconf 86' lang='lat' dir='ltr'><em>sori·</em></span> 
     </span>
     <span class='ocr_line' id='line_1_12' title="bbox 102 1837 1214 1916; baseline 0.001 -18"><span class='ocrx_word' id='word_1_99' title='bbox 102 1847 225 1914; x_wconf 84' lang='lat' dir='ltr'><em>ptores</em></span> <span class='ocrx_word' id='word_1_100' title='bbox 245 1837 488 1898; x_wconf 77' lang='lat' dir='ltr'><em>adhiberentur.</em></span> <span class='ocrx_word' id='word_1_101' title='bbox 534 1837 613 1899; x_wconf 87' lang='lat' dir='ltr'><em>Cum</em></span> <span class='ocrx_word' id='word_1_102' title='bbox 638 1853 717 1897; x_wconf 87' lang='lat' dir='ltr'><em>vero</em></span> <span class='ocrx_word' id='word_1_103' title='bbox 745 1838 971 1916; x_wconf 84' lang='lat' dir='ltr'><em>intellegerem</em></span> <span class='ocrx_word' id='word_1_104' title='bbox 997 1855 1113 1914; x_wconf 83' lang='lat' dir='ltr'><em>parurn</em></span> <span class='ocrx_word' id='word_1_105' title='bbox 1137 1842 1214 1899; x_wconf 85' lang='lat' dir='ltr'><em>tem-</em></span> 
     </span>
     <span class='ocr_line' id='line_1_13' title="bbox 103 1944 1214 2020; baseline 0 -15"><span class='ocrx_word' id='word_1_106' title='bbox 103 1946 201 2020; x_wconf 86' lang='lat' dir='ltr'><em>poris</em></span> <span class='ocrx_word' id='word_1_107' title='bbox 223 1945 302 2004; x_wconf 91' lang='lat' dir='ltr'><em>mihi</em></span> <span class='ocrx_word' id='word_1_108' title='bbox 326 1960 398 2004; x_wconf 88' lang='lat' dir='ltr'><em>esse</em></span> <span class='ocrx_word' id='word_1_109' title='bbox 414 1944 560 2015; x_wconf 85' lang='lat' dir='ltr'><em>relicum,</em></span> <span class='ocrx_word' id='word_1_110' title='bbox 584 1946 669 2004; x_wconf 86' lang='lat' dir='ltr'><em>hane</em></span> <span class='ocrx_word' id='word_1_111' title='bbox 692 1954 817 2020; x_wconf 81' lang='lat' dir='ltr'><em>purtem</em></span> <span class='ocrx_word' id='word_1_112' title='bbox 842 1946 1042 2019; x_wconf 79' lang='lat' dir='ltr'><em>quaestionis</em></span> <span class='ocrx_word' id='word_1_113' title='bbox 1066 1947 1099 2005; x_wconf 89' lang='lat' dir='ltr'><em>in</em></span> <span class='ocrx_word' id='word_1_114' title='bbox 1123 1961 1214 2020; x_wconf 82' lang='lat' dir='ltr'><em>pree·</em></span> 
     </span>
     <span class='ocr_line' id='line_1_14' title="bbox 103 2051 1182 2128; baseline 0.001 -17"><span class='ocrx_word' id='word_1_115' title='bbox 103 2068 187 2111; x_wconf 88' lang='lat' dir='ltr'><em>sens</em></span> <span class='ocrx_word' id='word_1_116' title='bbox 212 2052 316 2111; x_wconf 91' lang='lat' dir='ltr'><em>omisi.</em></span> <span class='ocrx_word' id='word_1_117' title='bbox 363 2051 464 2125; x_wconf 83' lang='lat' dir='ltr'><em>Spero</em></span> <span class='ocrx_word' id='word_1_118' title='bbox 488 2053 557 2110; x_wconf 88' lang='lat' dir='ltr'><em>fore</em></span> <span class='ocrx_word' id='word_1_119' title='bbox 582 2068 657 2112; x_wconf 90' lang='lat' dir='ltr'><em>eum</em></span> <span class='ocrx_word' id='word_1_120' title='bbox 679 2052 845 2127; x_wconf 77' lang='lat' dir='ltr'><em>inceptum</em></span> <span class='ocrx_word' id='word_1_121' title='bbox 868 2051 1026 2127; x_wconf 84' lang='lat' dir='ltr'><em>perficere</em></span> <span class='ocrx_word' id='word_1_122' title='bbox 1049 2053 1182 2128; x_wconf 89' lang='lat' dir='ltr'><em>possim.</em></span> 
     </span>
    </p>
   </div>
   <div class='ocr_carea' id='block_1_4' title="bbox 0 0 1462 5026">
    <p class='ocr_par' dir='ltr' id='par_1_4' title="bbox 0 0 1462 5026">
     <span class='ocr_line' id='line_1_15' title="bbox 0 0 1462 5026; baseline 0 1"><span class='ocrx_word' id='word_1_123' title='bbox 0 0 1462 5026; x_wconf 95' lang='lat' dir='ltr'><em> </em></span> 
     </span>
    </p>
   </div>
  </div>
 </body>
</html>
