2916 5026
616 439 793 496 „37-

150 626 226 692 stat,
250 621 356 682 tribus
380 623 506 682 tantum
530 622 611 682 loeis
632 617 811 709 relativum·
822 628 879 682 aut
894 622 1137 683 subiunctiuum
1154 638 1251 684 mem-

150 727 246 790 brum
277 730 411 805 excipit,
447 736 480 788 et
507 729 626 805 reliqui
652 731 716 791 loci
733 726 756 805 ¹)
785 746 920 789 numero
939 713 1017 789 ¹fere
1041 713 1138 805 pares
1161 730 1250 789 Bello

150 835 278 897 Gallico
301 839 404 897 multo
431 838 587 897 maiorem
606 838 848 916 neglegentiam
873 837 1164 911 diversitatemque
1188 852 1251 896 ser

150 945 256 1004 monis
288 944 473 1020 0stendunt,
528 944 672 1022 Dignum
700 950 750 1004 est
777 951 959 1004 memoratu
990 959 1051 1002 nec
1084 948 1250 1003 auctorem

150 1052 234 1111 Belli
256 1051 484 1127 Hispaniensis
507 1068 569 1111 nec
584 1052 737 1128 Hirtium,
761 1051 795 1110 ni
819 1052 1104 1123 fallen-umquam
1128 1063 1251 1124 ponere

149 1174 212 1238 qtae
235 1160 270 1221 in
293 1158 454 1219 enuntiati
477 1163 534 1218 aut
557 1160 687 1219 articuli
710 1159 811 1219 exitu.

166 1365 195 1406 e.
224 1341 307 1418 Qua
330 1348 537 1423 particula
560 1349 600 1410 in
622 1349 833 1408 verborum
857 1363 960 1423 quae
983 1347 1022 1405 in
1045 1348 1228 1413 litteram
1332 1404 1334 1407 ,

512 1455 745 1518 edesinunt
769 1455 891 1514 exitu.
995 1511 997 1517 .

259 1575 319 1634 His
342 1576 437 1635 annis
459 1581 569 1636 utrum
590 1592 651 1656 que
667 1577 806 1636 vocibus
829 1577 863 1635 in
887 1591 904 1634 e
927 1575 1029 1634 breve
1054 1574 1251 1633 exeuntibus

150 1680 331 1756 adiungere
341 1681 439 1740 liceat
449 1698 563 1759 neone,
573 1698 594 1741 a
603 1682 714 1742 multis
727 1682 831 1741 doctis
843 1682 971 1757 plenius
981 1680 1249 1754 estdisputatnm.

150 1785 328 1860 Quaeritur
351 1788 546 1847 omnibusne
574 1787 625 1846 his
654 1787 944 1862 compositionibus
972 1786 1050 1845 boni
1074 1786 1251 1860 scriptores

149 1891 370 1951 abstinuerint
392 1910 433 1952 an
458 1894 528 1953 sola
550 1894 783 1969 compositione
807 1908 869 1972 que
895 1893 1078 1968 particulae
1101 1907 1176 1951 cum
1202 1891 1250 1949 ln·

148 1998 277 2058 finitivo
308 1999 489 2074 praesentis
521 1999 631 2059 activi.
678 2000 716 2058 In
741 1999 879 2059 vetustis
907 1998 1176 2074 inscriptionibus
1200 1997 1251 2056 Hl-

149 2098 298 2178 meruel)
327 2106 469 2165 ostendit
496 2107 648 2181 copulam
680 2120 741 2183 qao
776 2104 926 2164 omnibus
953 2103 1044 2173 locis,
1080 2102 1199 2176 quibus
1233 2117 1250 2162 e

150 2210 245 2268 brevi
268 2211 441 2282 adiciatur,
466 2212 627 2272 infinitivo
650 2212 751 2271 activi
774 2210 906 2288 generis
922 2210 1111 2269 adhaerere.
1144 2207 1249 2283 Quam

149 2315 193 2373 ob
225 2330 294 2374 rem
327 2316 433 2375 credit
460 2332 478 2377 e
506 2318 603 2377 flnalc
630 2317 726 2378 huius
751 2315 990 2377 terminationis
1014 2314 1251 2389 antiquissimis

150 2421 283 2498 linguae
299 2423 500 2497 temporibus
516 2425 650 2501 longum
667 2425 778 2494 fuisse,
795 2423 889 2482 ouius
906 2422 953 2482 rei
970 2437 1041 2480 esse
1057 2430 1249 2497 argumento

150 2527 239 2601 quod
262 2528 351 2603 apud
363 2527 513 2589 Plautum
537 2532 604 2590 tres
616 2523 643 2610 4)
660 2531 820 2590 eiusmodi
835 2529 900 2589 loci
914 2527 1136 2599 inveniantur,
1160 2526 1249 2602 apud

150 2633 342 2694 Terentium
364 2650 450 2696 unus
473 2637 571 2696 solus.
617 2638 661 2695 At
683 2636 762 2696 mihi
786 2637 920 2712 quidem
936 2651 1001 2694 non
1018 2633 1250 2693 documentum

150 2740 268 2816 longae
300 2742 492 2815 quantitatis
527 2744 668 2814 videtur,
704 2744 763 2803 sed
791 2745 901 2819 potius
935 2741 1097 2801 libertatis
1132 2745 1250 2800 natura

150 2846 269 2906 insitae
293 2863 355 2926 quc
371 2847 562 2923 particulae,
586 2866 670 2924 quae
687 2850 878 2925 antiquitus,
902 2852 938 2909 ut
954 2848 1079 2907 dictum
1095 2852 1154 2923 est,
1179 2847 1250 2905 sine

150 2952 340 3012 discrimine
364 2955 397 3013 in
421 2956 567 3016 cuiusvis
587 2957 718 3034 generis
743 2956 904 3016 iuncturis
929 2954 1159 3014 adhibebatur.
1186 2945 1249 3011 ‘At-

150 3074 214 3132 que
237 3059 387 3120 Hlmerus
415 3077 450 3121 se
478 3063 585 3137 ipsum
615 3063 788 3122 confltetur
815 3062 943 3121 nullum
965 3060 1056 3120 aliud
1079 3059 1113 3119 in
1136 3058 1249 3118 inscri-

149 3164 317 3237 ptionibus
350 3168 536 3243 exemplum
572 3169 666 3237 scire,
700 3185 765 3244 quo
797 3184 858 3247 quc
887 3169 906 3227 ἔ
939 3152 1032 3226 finali
1058 3165 1248 3236 adhaereat,

149 3270 228 3343 quia
250 3271 293 3328 ab
314 3271 407 3331 inItio
424 3274 558 3352 longum
573 3275 683 3351 fuerit,
706 3275 741 3333 id
756 3275 845 3349 quod
861 3280 931 3333 erat
948 3269 1248 3340 demonstrandum,

145 3386 186 3459 nt
208 3376 249 3435 de
272 3376 435 3438 infinitivo
461 3381 554 3440 fieret
582 3381 751 3441 credibile.
797 3379 924 3440 Deinde
951 3376 1190 3454 inscriptiones,
1214 3376 1249 3435 ln

148 3483 269 3557 quihus
292 3486 374 3544 haec
395 3489 559 3564 leguntur,
584 3489 732 3564 plurimis
755 3488 850 3548 annia
875 3492 947 3565 post
969 3487 1152 3545 litterarum
1165 3482 1249 3542 Lati·

148 3606 265 3651 narum
289 3593 478 3668 primordia,
503 3595 729 3670 antiquissima
753 3612 782 3653 a.
800 3589 865 3653 632
889 3610 920 3653 u.
938 3611 978 3670 c.,
1002 3592 1087 3652 duae
1111 3589 1249 3650 novissi·

258 3817 1209 3889 1)Af.26.5:36.2:41.3:47.6254.135t.6:93.2.

255 3908 284 3977 2)
304 3907 348 3964 Of.
366 3909 494 3979 Harant,
513 3910 618 3965 Revue
638 3911 677 3966 de
696 3910 769 3965 Phil.
789 3909 838 3965 IV.
853 3927 880 3979 p.
892 3909 942 3979 253
961 3907 1100 3975 Thomas,
1123 3905 1247 3972 ibidem,

148 3994 227 4062 1884,
256 4013 283 4066 p.
304 3997 370 4067 1323
403 4000 530 4068 Dosson,
558 3999 679 4066 ibidem,
708 3998 786 4068 1890,
814 4016 843 4068 p.
862 3997 911 4066 553
944 3997 1052 4064 Elmer,
1084 3993 1247 4051 American

147 4083 277 4153 Journal
296 4085 332 4140 of
346 4086 421 4142 Phil.
440 4086 519 4142 VIII.
539 4103 567 4158 p.
587 4087 647 4143 299.
1328 4095 1330 4099 ’

255 4173 282 4239 3)
302 4190 330 4245 p.
349 4173 411 4229 300.

254 4261 284 4331 4)
301 4263 437 4319 Elmerus
456 4263 529 4319 dicit
548 4269 700 4335 quattuor,
720 4264 772 4321 sed
790 4263 882 4320 Poen.
895 4263 972 4321 Prol.
986 4263 1012 4333 3,
1031 4277 1120 4336 quem
1140 4262 1239 4317 locum

146 4349 257 4423 adfert,
275 4367 339 4410 rem
356 4369 420 4411 non
438 4354 570 4428 attingit.
