2916 5026
641 452 674 464 -
711 424 729 479 g
765 452 799 464 -

174 599 238 664 sibi
262 605 292 663 et
315 598 366 663 rei
387 597 557 683 publicae,
590 602 648 663 nbi
677 604 707 664 et
737 619 796 678 pro
825 605 923 682 atque
950 598 1016 677 (ac)
1047 604 1201 679 usurpari
1224 605 1275 664 vi·

175 711 281 779 detur,
305 725 389 784 quae
412 709 509 769 lectio
532 709 701 769 invenitur
716 701 748 768 5.
766 703 795 768 t.
813 704 833 767 2
857 715 890 768 et
912 708 970 768 111.
990 702 1041 767 10.
1059 702 1089 767 6.
1138 710 1275 784 Exque

176 815 315 876 efficitur
346 821 382 875 ut
414 816 503 889 apud
535 831 647 875 omnes
679 816 749 875 fere
782 817 967 890 scriptores,
1002 815 1186 876 oratoribus
1214 833 1276 875 cx·

176 923 289 996 ceptis,
320 921 408 981 omni
431 922 565 998 linguae
588 921 723 981 Latinae
746 927 854 981 aetate
862 917 897 996 ¹),
930 921 1094 996 particula
1117 924 1148 983 et
1172 923 1274 998 longe

175 1029 275 1089 tuerit
297 1028 519 1089 usitatissima.
566 1029 704 1088 Accedit
727 1034 763 1089 ut
786 1044 941 1090 numerus
969 1029 1065 1089 huius
1088 1029 1275 1104 particulae

176 1136 270 1210 quasi
299 1135 331 1194 in
356 1151 458 1195 annos
481 1135 587 1212 magis
609 1137 780 1213 magisque
805 1135 955 1195 creverit.
1004 1134 1089 1211 Quin
1113 1136 1213 1194 etiam
1237 1136 1275 1195 in

176 1242 453 1317 inscriptionibus,
487 1257 562 1301 cum
595 1242 835 1317 antiquioribus
863 1235 1149 1322 temporibusque
1173 1243 1275 1317 parti-

177 1349 253 1408 cula
286 1364 415 1423 semper
446 1349 516 1408 fere
549 1356 724 1424 usurpetur
737 1345 774 1425 ²),
810 1356 919 1408 tamen
952 1349 1154 1424 temporibus
1184 1348 1276 1408 bello

176 1454 300 1516 Punico
324 1455 469 1516 secundo
500 1455 744 1530 posterioribus,
777 1462 908 1531 praeter
937 1456 1028 1532 leges
1055 1461 1088 1514 et
1117 1460 1192 1514 acta
1215 1471 1276 1530 pu·

177 1561 276 1634 blica,
300 1562 419 1637 copula
441 1564 473 1623 et
496 1561 559 1623 fuit
582 1562 857 1636 frequentissima.

177 1845 203 1911 1.
220 1843 276 1911 De
292 1838 518 1932 particulae
535 1851 574 1910 et
589 1839 855 1957 substantiva
872 1837 1164 1931 coniungentis
1180 1858 1276 1913 usu.

450 2025 480 2068 a.
504 2007 644 2068 Partes
667 2008 731 2068 vel
756 2008 1001 2068 divisiones.

284 2147 348 2207 Per
377 2149 407 2209 et
431 2148 582 2208 voculam
615 2154 725 2224 partes
758 2150 811 2208 vel
845 2147 1023 2208 divisiones
1053 2147 1191 2207 alicuius
1225 2148 1276 2206 rei

179 2253 381 2314 indicantur:
406 2255 448 2313 cf.
466 2255 570 2314 Varro
587 2256 607 2313 l.
619 2256 640 2315 l.
652 2255 710 2316 IX.
727 2248 758 2314 3.
775 2251 870 2315 bomo
888 2271 931 2315 eu
947 2269 1086 2335 corpore
1103 2255 1134 2313 et
1149 2248 1275 2326 auimo,

179 2360 299 2420 similia
322 2358 388 2420 Cic.
413 2360 455 2420 de
478 2362 534 2421 fin.
552 2361 607 2421 IV.
627 2355 678 2431 19,
703 2360 780 2421 Sall.
797 2361 868 2438 Ing.
886 2355 917 2420 2.
937 2355 966 2418 1.
1012 2359 1169 2420 Similiter
1184 2359 1277 2433 apud

178 2465 351 2528 Caesarem
376 2475 486 2542 partes
509 2469 541 2527 et
565 2467 743 2528 divisiones
765 2467 934 2542 copiarum
955 2470 1120 2543 notantur,
1146 2465 1277 2524 ratione

179 2589 418 2649 quamcumque
451 2575 536 2635 inter
569 2592 603 2634 se
636 2575 758 2635 habent
781 2576 948 2653 neglecta:
983 2569 1104 2634 turmis
1128 2568 1277 2651 equitum

181 2682 211 2741 et
234 2667 423 2741 cohortibus
447 2676 477 2741 l.
495 2676 548 2741 88.
568 2677 602 2742 l:
634 2677 822 2762 praemisso
851 2676 1001 2761 equitatu
1032 2680 1062 2741 et
1096 2673 1277 2740 essedariis

180 2781 212 2846 4.
229 2781 282 2846 24.
302 2781 335 2848 l:
361 2783 447 2847 duas
470 2782 616 2869 teqiaues
640 2789 671 2849 et
695 2783 808 2848 amaia
831 2782 966 2847 auaritia
992 2781 1020 2846 1.
1038 2780 1091 2844 24.
1108 2780 1144 2845 2:
1172 2780 1276 2864 iuspe-

180 2888 330 2955 diraeuta
363 2895 394 2954 et
426 2889 535 2954 amuis
567 2889 734 2973 equitatus
766 2895 791 2954 Ι.
815 2887 868 2953 40.
895 2887 927 2971 3,
960 2893 1036 2952 alia.
1094 2894 1145 2953 Ita
1172 2891 1277 2951 muni-

180 3001 305 3060 tionum
329 3007 458 3076 partes:
482 2996 571 3062 callo
592 3045 621 3060 ..
647 3003 677 3062 et
699 2997 797 3082 fossa
819 2996 850 3060 b.
866 2994 921 3059 42.
941 2995 974 3060 l:
996 2994 1126 3079 fassam
1150 3000 1181 3060 et
1204 3013 1276 3057 ma·

180 3100 485 3170 certantium:
521 3123 640 3188 appere
673 3109 704 3168 et
737 3103 888 3168 turribus
910 3107 952 3167 II.
969 3101 1001 3166 2.
1018 3100 1054 3165 6:
1090 3121 1210 3186 appare
1245 3107 1277 3165 et

180 3210 329 3275 cratibus
353 3208 383 3273 l.
401 3207 453 3274 86.
470 3208 502 3274 5.
554 3215 637 3275 Item
669 3214 757 3290 apud
789 3213 1143 3275 Pseudo-Caesarianos
1176 3211 1277 3286 scrip·

181 3329 283 3383 tores:
307 3315 414 3382 cineis
437 3323 468 3382 et
491 3336 610 3401 appare
633 3315 846 3381 Hirt.⁴12.2:
868 3316 1101 3401 funditoribus
1125 3320 1155 3379 et
1174 3314 1277 3400 sapit-

180 3423 280 3489 tariis
303 3429 341 3487 A.
358 3421 411 3487 30.
429 3421 466 3488 6:
491 3422 655 3487 militibus
678 3428 709 3488 et
731 3422 919 3508 sapittariis
944 3428 994 3487 Af.
1012 3422 1067 3486 28.
1086 3423 1119 3484 l:
1151 3421 1277 3506 equites

181 3537 212 3595 et
244 3529 393 3594 cobortes
427 3534 468 3594 H.
489 3528 542 3593 38.
567 3528 595 3592 l.
648 3533 783 3606 Tamen,
817 3534 904 3609 quod
936 3535 1075 3604 mireris,
1109 3534 1208 3592 etiam
1242 3533 1277 3592 in

181 3639 302 3699 talibus
325 3639 543 3700 locutionibus
567 3641 652 3700 aliae
675 3642 822 3717 copulae,
846 3641 1095 3719 imprimisque,
1118 3653 1184 3697 non
1202 3654 1278 3697 raro

181 3745 394 3807 inveniuntur
421 3755 454 3806 et
480 3763 578 3823 saepe
602 3748 672 3806 sine
697 3763 805 3808 causa.
853 3745 951 3806 Cuius
974 3746 1105 3823 generis
1128 3751 1165 3804 ut
1188 3761 1208 3802 a
1231 3745 1277 3804 lu·

181 3855 312 3914 culento
336 3854 487 3929 exemplo
508 3854 674 3928 incipiam,
698 3853 732 3912 in
748 3852 838 3913 Bello
855 3852 967 3911 Africo
984 3852 1125 3927 legimus
1141 3850 1242 3910 octies
1250 3846 1276 3927 3)

290 4084 316 4153 1)
337 4082 379 4139 Cf.
399 4083 517 4138 Mertcn
538 4099 566 4153 p.
585 4083 603 4137 4
622 4097 711 4153 seqq,
741 4097 769 4151 p.
791 4080 824 4134 14
843 4081 886 4149 11.;
920 4079 1070 4135 Klammer
1097 4096 1126 4149 p.
1147 4079 1161 4133 1
1181 4094 1278 4149 seqq.;

182 4173 281 4242 Ringe
300 4187 328 4241 p.
348 4171 372 4225 1.

288 4259 316 4328 2)
336 4258 379 4315 Cf.
399 4257 500 4313 Elmer
518 4275 546 4329 p.
565 4257 627 4313 297.

288 4342 1228 4415 3)Af.19.3:bo.2252.1:69.1:65.3272.1:ta2:tb.3.
