2916 5026
644 413 818 476 ..43-

84 624 86 628 ·
181 596 431 679 compositiones
454 597 616 684 'pauca
649 593 782 682 quique,
808 592 968 682 quodque,
998 596 1080 662 alias
1103 589 1186 663 teies
1209 595 1278 663 non'

182 710 350 786 fugerunt.
395 704 562 784 Nusquam
599 716 718 781 autem,
753 711 841 785 quod
868 710 980 779 sciam,
1016 705 1132 788 cur'pue
1156 705 1223 784 (cui
1247 714 1282 769 et

183 814 257 896 pue)
275 822 393 876 exstat.
439 808 600 891 Exempla
623 833 729 891 pauca
753 818 916 893 subiungo
940 823 972 880 et
996 817 1135 891 primum
1161 817 1193 875 in
1211 817 1283 891 qui·

183 925 246 982 bus
269 923 444 982 relativum
468 923 637 997 repetitur.

451 1055 480 1121 a)
507 1053 752 1129 Relativum
781 1055 1008 1123 repetitur.
1067 1096 1069 1099 .

286 1162 341 1226 Ibi
364 1146 489 1230 crebris
505 1159 628 1225 litteris
646 1142 769 1227 ociter
789 1160 828 1246 fit
849 1161 981 1242 certior,
1006 1181 1090 1244 quoe
1106 1160 1147 1225 de
1164 1161 1281 1246 Drop-

177 1275 255 1353 pete
288 1274 319 1332 et
343 1266 497 1355 locterio
531 1273 623 1350 pcata
655 1273 772 1344 esseut,
807 1285 933 1351 quoquc
965 1266 1002 1330 io
1035 1265 1174 1331 consilio
1201 1288 1282 1351 per·

143 1410 145 1415 ·
182 1379 357 1438 mouerent
381 1371 554 1456 oppidani,
587 1377 671 1436 Hirt.
690 1371 743 1436 39.
760 1372 791 1435 2.
839 1372 920 1436 Post
942 1372 1029 1436 bunc
1053 1372 1205 1437 ordinem
1227 1395 1279 1438 re·

182 1480 293 1563 liquor
319 1498 421 1543 uoces
452 1478 600 1542 mboidio
629 1477 812 1558 distribuit,
846 1498 930 1561 quae
963 1498 1127 1561 quomque
1161 1500 1280 1544 carum

181 1593 342 1669 sequatur
374 1591 406 1648 et
435 1584 489 1648 cui
515 1584 689 1648 subveniat
717 1585 898 1658 coustituit,
924 1589 961 1648 A.
987 1573 1036 1647 14.
1061 1583 1092 1647 2.
1150 1584 1279 1661 Quibus

182 1691 236 1757 illi
259 1711 359 1777 apros
384 1691 558 1772 dederuut,
592 1710 736 1774 quosque
762 1697 884 1775 posteo
915 1691 1142 1774 inparem..
1167 1693 1280 1757 coodi-

183 1799 353 1862 cionem..
377 1802 584 1881 receperunt,
604 1797 632 1859 1.
649 1795 703 1860 28.
720 1795 751 1861 5.

410 1935 441 2004 b)
468 1935 1054 2003 Relativumuonrepetitur.
1094 1910 1097 1914 ⁴

203 2092 206 2096 s
280 2064 434 2128 ,quaeque
451 2050 571 2128 partes
594 2044 687 2108 urbis
709 2043 890 2128 inferiores
914 2049 1021 2125 erarii,
1049 2043 1131 2108 bas.
1150 2092 1184 2108 ..
1207 2066 1280 2109 mc-

183 2136 328 2227 cierunt,
346 2156 384 2214 A.
401 2149 432 2213 2.
449 2150 480 2213 4.

200 2246 202 2250 ’
290 2253 341 2318 Ab
374 2242 497 2320 eisdem
529 2263 647 2321 nostro
679 2255 821 2320 coucilia
844 2276 991 2339 quaeque
1019 2257 1055 2320 iu
1083 2257 1283 2342 01181νί395-

183 2350 307 2448 rcator
323 2349 489 2426 ’50811553
524 2361 706 2437 enuntiari,
737 2362 765 2425 1.
796 2360 846 2425 17.
874 2360 906 2425 5.
961 2361 1124 2427 Mulieres
1159 2364 1279 2446 quique

178 2486 245 2550 per
277 2472 422 2532 aetatem
451 2467 498 2532 cd
526 2487 680 2554 poprium
710 2466 849 2532 inutiles
879 2467 1083 2546 videremur,
1107 2469 1139 2532 2.
1170 2469 1220 2533 16.
1247 2468 1279 2533 5.

183 2576 307 2636 Passim
336 2585 467 2637 exstant
496 2579 721 2638 huiuscemodi
746 2579 941 2637 sententiae:
977 2573 1104 2639 Fabius
1127 2575 1279 2639 centurio

183 2679 312 2762 quique,
346 2669 422 2742 cett.
449 2679 479 2744 7.
496 2679 550 2744 50.
567 2679 609 2743 3:
634 2678 749 2764 Scipio
778 2679 898 2763 quique
922 2699 997 2743 cum
1021 2700 1057 2744 co
1082 2684 1200 2763 casem,
1224 2687 1282 2747 Af..

183 2785 272 2849 351
298 2812 305 2848 :
328 2784 416 2849 ubl
442 2808 449 2851 ε
472 2785 525 2851 86.
543 2784 574 2849 2.
622 2790 748 2867 Quibus
776 2791 928 2850 omnibus
951 2792 1032 2850 locis
1060 2791 1205 2867 genuina
1228 2792 1280 2849 vis

183 2896 321 2971 copulae
345 2896 442 2955 facile
466 2896 673 2956 discernitur.

291 3004 375 3060 Ante
399 3003 589 3077 pronomina
614 3019 633 3060 a
656 3003 774 3061 litteris
797 3018 840 3080 qu
870 3003 1061 3077 incipientia
1088 3004 1187 3081 atque
1212 2999 1279 3076 (ac)

182 3123 343 3182 nusquam
354 3103 387 3182 ¹),
412 3109 500 3182 apud
517 3109 574 3166 bos
591 3108 723 3183 quidem
739 3115 900 3178 auctores
925 3119 1071 3183 appa-ret,
1096 3115 1128 3167 et
1146 3124 1220 3167 raro
1237 3110 1279 3179 ct,

183 3220 321 3288 excepto
346 3213 434 3272 Bello
453 3213 574 3284 Africo,
598 3214 655 3273 ubi
678 3215 797 3272 totiens
821 3214 1007 3284 adhibetur,
1032 3223 1067 3274 ut
1095 3215 1280 3290 proprietas

184 3317 279 3376 huius
303 3319 445 3376 auctoris
469 3320 628 3394 appellari
652 3325 825 3378 mereatur.
873 3303 1087 3394 Quamquam*
1100 3329 1175 3378 aute
1192 3314 1280 3396 quod

184 3424 273 3498 apud
295 3440 407 3484 omnes
431 3427 556 3483 tantum
581 3425 612 3483 et
635 3431 783 3499 apparet.
863 3454 866 3459 ·

198 3723 233 3789 5.
269 3723 325 3791 De
349 3725 571 3807 particulae
596 3718 789 3806 quocum
813 3725 1157 3793 coniunctionibus
1180 3744 1267 3794 usu.

288 3886 456 3945 Interdum
492 3886 776 3946 coniunctionibus
812 3903 939 3962 quoque
974 3890 1092 3948 vocula
1127 3905 1189 3968 que
1224 3892 1279 3949 ad·

184 3991 306 4063 haeret,
336 3992 394 4049 sed
422 3994 518 4069 louge
548 3993 654 4066 rarius
678 4008 777 4079 quam
802 3994 1057 4067 pronominibus,
1083 3996 1152 4054 siue
1177 3996 1279 4056 dubio

184 4097 271 4168 quod
293 4084 471 4169 enuntiata,
496 4115 579 4172 quae
601 4115 621 4156 a
637 4099 921 4158 coniunctionibus
945 4100 1115 4174 incipiant,
1140 4103 1280 4176 plerum-

266 4335 270 4340 '
294 4333 320 4397 1)
340 4330 502 4402 011156.
556 4378 561 4385 .
