2916 5026
605 393 639 441 ι.
654 387 662 411 ’
675 392 747 455 vm
784 426 816 440 ..

1202 513 1260 561 Μ·

332 590 356 632 c.
378 570 439 641 ro
458 575 490 632 in
509 578 657 633 enuntiati
677 579 762 633 exitu
780 617 1186 635 ..........
1227 582 1263 635 35

328 667 355 721 6.
377 667 487 730 Quem
507 668 633 722 membri
654 669 738 722 exitu
780 708 1187 723 ..........
1227 669 1263 723 36

329 771 354 809 e
377 755 437 818 Quo
457 756 656 825 particulam
676 757 839 810 verborum
859 771 938 851 quac
962 758 992 809 in
1019 757 1145 810 litteram
1170 761 1186 810 e

376 843 518 898 desinunt
537 846 622 898 exitu
646 884 1187 898 .............
1226 847 1263 900 37
1304 862 1323 895 ,·

335 932 354 986 f.
377 931 438 994 Quo
458 932 627 1001 particulae
640 933 767 986 vocibus
786 933 917 1002 plurium
938 948 1027 1001 quam
1044 939 1187 1000 quattuor

376 1020 562 1090 syllabarum
581 1021 736 1075 adiunctio
780 1062 786 1073 .
824 1061 857 1075 .-
869 1060 1186 1076 ........
1225 1023 1264 1076 40

259 1108 285 1162 2.
304 1109 351 1163 De
371 1110 538 1178 particulae
558 1125 615 1180 que
635 1111 827 1164 substantiva
847 1111 1058 1179 coniungentis
1077 1124 1134 1163 usu
1178 1150 1183 1162 .
1224 1110 1261 1163 41

327 1212 354 1252 a.
374 1196 469 1251 Binae
488 1199 626 1253 notiones
644 1236 1185 1252 .............
1224 1198 1262 1250 41

326 1285 354 1339 b.
374 1283 494 1339 Teruae
513 1285 562 1339 vel
581 1286 683 1356 plures
701 1287 873 1340 notiones.
911 1325 918 1340 .
957 1327 963 1340 .
1000 1325 1006 1339 .
1045 1327 1051 1339 .
1090 1324 1096 1339 .
1134 1299 1140 1313 ·
1178 1325 1185 1339 .
1224 1285 1263 1339 43

258 1373 284 1427 3.
304 1373 351 1427 De
371 1374 539 1443 particulae
558 1389 616 1443 oue
636 1375 786 1429 adiectiva
807 1375 1020 1444 coniungentis
1039 1389 1097 1428 usu
1133 1413 1140 1427 .
1178 1415 1183 1427 .
1222 1374 1262 1428 44

257 1462 284 1517 4.
304 1462 351 1515 De
369 1463 537 1532 particulae
557 1478 614 1532 quc
635 1479 702 1517 curn
723 1464 954 1533 pronominibus
973 1478 1052 1518 usu.
1178 1501 1185 1516 .
1222 1462 1262 1515 44

327 1567 353 1604 a.
373 1550 547 1605 Personalia
597 1592 873 1606 .......
895 1560 897 1567 ·
912 1591 1185 1606 .......
1222 1551 1261 1604 45

324 1640 353 1694 b.
373 1639 549 1694 Possessiva
598 1679 1186 1695 ..............
1222 1640 1261 1693 46
1321 1629 1323 1631 μ

327 1743 352 1781 c.
373 1727 619 1782 Demonstrativa
644 1766 1184 1783 .............
1222 1729 1261 1782 46

324 1816 352 1870 d.
372 1816 511 1870 Relativa
554 1856 1185 1871 ...............
1221 1816 1259 1870 47

255 1905 280 1960 5.
301 1904 347 1959 De
366 1905 534 1974 particulae
554 1919 611 1975 que
631 1920 698 1959 cum
719 1905 985 1959 coniunctionibus
1005 1917 1095 1957 usu.
1134 1944 1140 1958 .
1178 1942 1185 1958 .
1221 1904 1260 1958 48

255 1993 280 2046 6.
300 1992 454 2047 Particula
473 2008 531 2062 qne
550 1999 580 2047 et
604 1992 704 2063 ligura
729 1994 886 2063 anaphora
904 2007 990 2063 quae
1015 1992 1185 2062 appellatur·
1221 1993 1260 2045 50

256 2083 280 2137 7.
302 2080 363 2144 Qua
383 2079 599 2150 explicativum
641 2118 1184 2136 .............
1220 2080 1260 2134 50

255 2170 280 2223 8.
303 2167 364 2231 Quo
383 2168 611 2223 adversativum
642 2207 1183 2224 .............
1221 2168 1257 2221 51

171 2254 223 2311 ῙἮ.
246 2255 377 2319 ATQVE
398 2255 471 2324 (Ac)
503 2295 690 2312 .....
713 2262 715 2265 ’
728 2295 1183 2312 ...........
1220 2256 1259 2310 52

239 2346 280 2398 ἶ1.
299 2344 346 2398 De
365 2345 533 2414 particulae
552 2346 643 2415 alque
663 2344 720 2412 (oc)
742 2345 949 2399 conlocatione
989 2402 991 2408 ,
1000 2382 1183 2398 .....
1220 2344 1258 2397 52

187 2431 190 2436 ’
254 2431 280 2486 2.
300 2432 359 2486 Per
378 2434 469 2502 atquc
488 2435 546 2496 (oc)
566 2432 678 2486 similes
698 2432 837 2486 notiones
857 2433 1086 2502 coniunguntur
1132 2470 1138 2484 .
1176 2471 1182 2484 .
1220 2432 1258 2486 55

255 2521 281 2575 3.
301 2520 359 2575 Per
378 2523 468 2590 atque
487 2520 545 2589 (ac)
566 2521 735 2575 contrariae
754 2522 893 2574 notiones
912 2521 1141 2590 coniunguntur
1175 2556 1182 2569 .
1219 2519 1258 2573 55

253 2608 279 2662 4.
300 2609 358 2664 Per
377 2611 466 2679 alque
486 2609 543 2677 (ac)
567 2611 651 2664 notio
678 2609 831 2678 generalis
856 2609 981 2678 speciali
1007 2608 1128 2662 additur
1153 2614 1182 2661 et

299 2697 367 2751 vice
385 2713 474 2752 versa
507 2733 1181 2752 ................
1219 2695 1257 2750 56

256 2785 282 2840 5.
303 2784 458 2848 Quomodo
480 2775 574 2840 verba
594 2789 816 2855 componantur
865 2823 1181 2840 ........
1219 2784 1257 2839 56

255 2874 280 2927 6.
299 2873 396 2943 Atque
415 2874 632 2944 explicativum
686 2910 1182 2928 ............
1219 2870 1256 2925 59

255 2961 280 3015 7.
299 2961 396 3031 Atque
416 2963 656 3017 asseverativum
684 2999 1181 3016 ............
1219 2959 1257 3014 60

255 3050 281 3102 8.
299 3049 408 3104 Pert
377 3053 408 3103 at
410 3065 467 3120 que
486 3051 546 3117 (oc)
565 3050 747 3120 particulam
766 3050 902 3103 transitio
922 3050 955 3104 iit
995 3084 1180 3103 .....
1219 3047 1256 3101 60

255 3137 280 3190 9.
299 3136 396 3207 Atque
417 3138 498 3192 valet
517 3140 544 3191 cl
562 3139 635 3205 tum,
656 3140 683 3191 ct
702 3134 814 3228 atatim,
834 3140 861 3191 cl
879 3136 923 3192 ito
952 3175 1179 3191 ......
1218 3135 1254 3189 61

237 3225 281 3279 10.
299 3224 397 3294 Atque
417 3226 657 3296 comparativum
683 3262 1179 3280 ............
1218 3222 1254 3276 62
