2916 5026
602 417 760 476 -9-

128 599 256 686 equites
278 604 332 664 vel
357 598 525 683 equitatus
549 597 693 682 leviaque
716 601 905 673 armatura,
941 619 1006 663 non
1030 602 1104 678 plus
1130 617 1229 676 quam

128 707 268 784 seme11)
297 705 465 790 equitatur
488 711 518 771 et
542 705 625 771 leuia
648 711 848 786 armatura;
882 726 980 785 porro
1004 705 1152 788 equitum
1163 684 1228 791 pie

129 814 304 896 (titumque
336 820 386 876 ter
396 813 421 890 ²)
454 821 487 876 et
520 816 602 875 nihil
632 816 733 875 aliud.
790 815 896 875 Etiam
920 815 1035 876 Cicero
1062 816 1161 875 habet
1185 793 1229 875 eu

128 919 483 1004 corporearumque,
517 924 559 983 de
581 924 638 982 fin.
662 923 701 982 V.
719 916 772 992 34,
797 928 830 982 et
854 937 897 983 ea
926 937 964 982 re
987 923 1086 1004 atque
1108 917 1227 998 uerita,

129 1033 171 1092 de
197 1030 286 1091 Orat.
311 1030 369 1090 III.
390 1022 440 1090 19.

347 1218 379 1277 b.
413 1187 625 1292 oppositio
649 1215 1011 1276 substantivorum.

239 1340 462 1409 substantiva,
492 1355 576 1414 quae
599 1339 685 1399 inter
708 1356 743 1399 se
767 1339 933 1399 contraria
957 1344 1043 1408 sunt,
1067 1337 1172 1398 Varro
1195 1343 1229 1426 et

128 1446 467 1511 Pseudo-Cornificius
497 1452 529 1506 et
552 1445 667 1507 cicero
696 1447 766 1506 fare
795 1462 855 1522 per
883 1446 1077 1522 particulam
1102 1447 1133 1506 et
1156 1440 1228 1505 uou-

127 1550 317 1632 iunguntl).
355 1554 406 1613 Ex
429 1552 655 1627 scriptoribm,
670 1552 722 1621 ,de
745 1551 866 1626 quibus
889 1552 1027 1629 agimus,
1052 1552 1229 1628 diligenter

127 1661 380 1739 perscrutando,
404 1660 571 1721 cumulavi
595 1660 747 1734 exempla
769 1659 865 1719 haec:

174 1768 256 1830 Cum
280 1769 321 1845 et,

238 1869 326 1936 bella
349 1877 380 1935 et
403 1869 518 1935 ciuiles
542 1868 776 1951 diuaeaeiauee,
800 1872 859 1933 111.
879 1869 908 1932 1.
925 1867 957 1931 3.

239 1976 315 2042 adio
341 1960 498 2042 Caeaaria
521 1979 553 2040 et
576 1996 690 2041 amore
706 1975 856 2060 Pompei,
873 1979 911 2039 A.
929 1973 982 2038 36.
998 1975 1031 2038 4.

237 2082 326 2147 diem
348 2089 380 2147 et
403 2088 541 2160 uectem,
566 2080 678 2146 1438.
698 2082 727 2145 1.

235 2188 407 2273 familiam
430 2195 461 2253 et
485 2186 630 2264 libertos,
655 2193 696 2252 Η.
720 2187 774 2251 33.
790 2187 822 2251 3.

236 2313 370 2359 seruum
393 2301 425 2360 et
448 2294 614 2377 libertum,
639 2300 680 2359 H.
696 2293 749 2360 33.
766 2296 798 2358 4.

172 2423 350 2502 Cumque,

237 2524 278 2590 de
301 2525 407 2591 servia
430 2524 618 2610 tiberisque,
642 2531 700 2590 Ill.
720 2525 770 2590 14:
789 2525 821 2589 3.

238 2631 396 2696 eadem..
418 2631 568 2716 feminae
591 2631 761 2715 marisque
784 2639 920 2713 natura,
944 2630 975 2696 6.
992 2631 1047 2696 26.
1065 2631 1096 2696 3.

237 2737 325 2803 uitae
348 2738 511 2822 ueniaque,
539 2738 566 2801 l.
585 2736 635 2801 16.
652 2737 689 2802 5:
713 2737 745 2802 6.
765 2737 816 2804 19.
833 2737 868 2803 3:
893 2736 947 2802 23.
964 2737 996 2802 4.

237 2864 326 2928 aqua
348 2848 515 2928 terraque,
539 2849 597 2909 III.
617 2844 668 2908 17.
684 2844 716 2908 3.

237 2950 325 3016 diem
348 2958 549 3035 noctemque,
574 2950 605 3015 7.
621 2951 675 3015 42.
692 2950 728 3015 6;
754 2950 806 3015 77.
827 2951 883 3015 ll:
908 2956 934 3015 Ι.
951 2950 1003 3014 62.
1025 2953 1052 3014 1.

237 3063 330 3121 terra
351 3058 514 3142 marique,
539 3063 577 3122 A.
594 3056 648 3122 44.
665 3056 696 3122 5.

236 3164 360 3229 deutra
383 3164 598 3248 sinistraque,
621 3169 659 3229 A.
677 3164 731 3231 37.
747 3165 779 3229 4.

237 3276 329 3335 uacte
353 3270 481 3355 dieque,
505 3275 545 3335 H.
562 3270 616 3335 21.

236 3382 330 3442 terra
352 3377 516 3461 marique,
539 3382 592 3442 Af.
610 3377 662 3442 24.
680 3378 716 3443 4:
741 3378 794 3442 93.
813 3378 843 3442 3.
875 3418 876 3421 =

237 3482 360 3547 deutra
384 3467 598 3568 auumque,
623 3489 675 3549 Af.
694 3484 745 3549 70.
763 3484 795 3549 3.

235 3589 308 3654 dieu
330 3597 515 3674 noctesque,
540 3596 593 3658 Af.
611 3590 664 3655 26.
680 3590 712 3655 4.
839 3628 842 3636 -

132 3699 137 3704 ’
171 3707 253 3769 Cum
276 3709 375 3789 atque
399 3704 475 3785 (aa),

230 3830 357 3895 pecora
381 3818 480 3896 atque
503 3811 661 3888 homiues,
686 3811 717 3877 5.
737 3811 788 3876 19.
808 3813 846 3876 1:
877 3817 948 3876 sim.
966 3811 997 3876 6.
1014 3810 1045 3875 3.
1063 3811 1098 3876 2ε
1133 3810 1223 3875 6.1;
1262 3860 1265 3868 .

288 3917 514 3984 iumentorum
536 3925 635 4003 atque
652 3919 833 4002 homiuum,
858 3918 889 3983 6.
906 3918 960 3984 43.
976 3917 1012 3983 32
1038 3924 1109 3982 sim.
1126 3915 1222 3983 1.55.

291 4024 326 4088 l:
350 4024 495 4090 11.1.42
517 4025 593 4112 fitia
616 4033 714 4110 atque
737 4047 825 4091 uuus
849 4047 866 4092 e
888 4026 980 4113 filia,
1008 4026 1036 4089 l.
1054 4024 1107 4089 26.
1124 4024 1156 4090 4.

120 4131 343 4141 -ο-η--α

235 4172 263 4240 1)
282 4170 329 4227 Ar.
349 4172 392 4226 69.
411 4172 436 4227 3.

123 4262 128 4295 ῑ
234 4260 631 4330 2)Af.1t.1:25.1:30.2.

171 4377 175 4383 ·
234 4349 264 4420 3)
282 4349 326 4408 Of.
345 4351 461 4407 Mertan
479 4367 507 4422 p.
525 4349 551 4405 8.
630 4383 632 4386 ψ
