2916 5026
642 426 818 482 ..pp-

290 606 332 670 Ut
350 604 467 689 potius
484 603 624 689 priuato
642 622 834 688 paucorum
858 609 888 668 et
912 603 1083 668 latronam
1104 621 1206 687 quam
1230 620 1281 666 ra·

176 711 229 797 pio
253 710 392 776 coasilio
416 714 606 795 susceptam
629 709 752 774 bellam
775 709 959 775 videretur.
982 714 1041 774 111.
1060 708 1133 773 109.
1151 707 1181 773 6.

284 818 400 882 Porro
424 817 513 883 55151
535 817 634 902 copia
657 823 688 883 ct
712 836 752 883 cu
775 817 934 882 tironum.
958 821 1011 881 Ar.
1031 816 1082 880 10.
1099 815 1131 880 3.

284 925 327 989 In
344 944 461 1009 pauco
484 925 613 1009 oppido
636 929 666 988 ct
689 925 770 989 bane
792 923 933 988 monita.
958 928 1011 988 Af.
1028 922 1081 988 20.
1098 921 1130 988 4.

290 1031 499 1097 Uectonicae
514 1031 574 1096 too
590 1031 654 1096 cici
666 1031 821 1097 Romano
837 1036 869 1094 ct
881 1029 911 1094 ci
923 1031 990 1114 poi,
1006 1037 1083 1094 cett.
1112 1033 1164 1094 Af.
1177 1026 1233 1093 57.
1244 1028 1281 1095 ,3.

284 1138 363 1203 Non
379 1137 465 1202 satio
481 1137 657 1222 copiarum
670 1137 812 1202 iubebat
830 1139 861 1200 et
877 1155 934 1200 eas
951 1135 1108 1202 tironum.
1133 1138 1186 1199 Af.
1199 1133 1233 1200 5.
1250 1135 1280 1197 1.

290 1246 401 1312 Utrum
429 1244 609 1309 adversum
637 1247 668 1309 ct
695 1243 732 1308 ic
759 1242 934 1310 mediocre.
967 1246 1026 1306 111.
1051 1240 1104 1306 73.
1128 1241 1165 1307 22
1204 1245 1282 1305 sim.

174 1357 203 1416 i.
221 1351 274 1416 84.
294 1352 310 1415 1
330 1379 337 1416 =
354 1352 385 1415 5.
400 1350 453 1415 30.
474 1351 503 1416 1.

287 1455 516 1542 Conloquendi
541 1454 680 1525 Castori
703 1475 807 1524 causo
828 1457 902 1524 ciro
924 1475 993 1520 nou
1016 1459 1074 1537 cot,
1099 1460 1130 1521 ct
1147 1474 1185 1521 eo
1208 1474 1281 1520 me

177 1565 238 1650 pir,
262 1565 360 1649 qood,
384 1572 460 1630 cett.
487 1565 515 1628 1.
532 1563 587 1630 47.
604 1564 634 1631 2.

292 1673 422 1737 Uocores
444 1671 565 1736 habent
587 1717 595 1734 .
619 1718 626 1734 .
649 1715 656 1731 .
679 1670 768 1734 inter
790 1689 825 1734 se
848 1687 1048 1750 communes,
1076 1671 1108 1733 et
1130 1665 1283 1731 moerim

175 1779 307 1865 fratres
322 1798 398 1844 com
409 1779 591 1864 (rutubus,
614 1788 691 1844 cett.
707 1775 739 1842 5.
755 1776 809 1842 14.
819 1775 858 1842 4:
883 1781 953 1843 sim.
978 1773 1010 1841 5.
1022 1773 1077 1840 45.
1092 1773 1108 1836 1
1124 1800 1132 1838 ι
1145 1771 1177 1838 3.
1190 1771 1222 1837 9.
1237 1772 1258 1837 3
1273 1800 1281 1838 ε

181 1884 210 1951 7.
228 1886 281 1951 30.
301 1887 317 1950 1
337 1890 420 1950 εΙΙΙ.
437 1883 490 1951 37.
508 1884 541 1951 3.

502 2143 539 2209 9.
572 2139 626 2206 Et
649 2138 961 2208 adversativum.

290 2286 413 2363 Copula
445 2289 476 2347 et
510 2303 607 2362 saepe
637 2286 723 2346 inter
757 2285 889 2346 diversa
917 2292 950 2345 et
983 2286 1147 2346 contraria
1182 2285 1283 2346 inter·

186 2395 285 2465 cedit,
308 2394 365 2455 ubi
382 2394 577 2470 particulam
593 2392 835 2453 adversativam
853 2394 1082 2467 exspectemus
1090 2387 1124 2467 ¹).
1158 2391 1282 2466 Utique

100 2555 107 2566 ,
182 2500 338 2575 frequens
366 2507 416 2561 est
443 2502 526 2560 haec
554 2498 734 2560 conlocatio
764 2514 839 2561 cum
868 2497 1093 2576 adiunguntur
1116 2498 1283 2575 negativis

183 2607 353 2665 sententiis
386 2607 440 2666 vel
472 2606 661 2666 notionibus
694 2604 930 2664 adfirmativae.
986 2603 1048 2680 Qui
1081 2621 1159 2665 usus
1191 2605 1283 2679 apud

183 2712 377 2771 veterrimos
409 2713 587 2787 scriptores
619 2717 652 2770 et
684 2712 718 2770 in
752 2711 1020 2787 inscriptionibus
1045 2711 1124 2769 satis
1148 2710 1283 2770 demon·

181 2825 304 2879 stratus
328 2818 498 2892 fusiusque
522 2817 565 2877 ab
581 2813 753 2892 Elmero²)‚
778 2815 919 2876 Ballasio
931 2813 968 2892 ³),
992 2811 1172 2892 Metten04)
1196 2823 1283 2876 trac·

183 2929 270 2985 tatus
296 2929 355 2984 est.
403 2919 539 2999 spicat
563 2922 801 2984 demonstravit
825 2924 913 2998 apud
936 2923 1088 2982 Tacitum
1111 2924 1210 2998 paulo
1235 2924 1284 2983 la·

183 3032 299 3092 tionem
333 3046 406 3089 esso
436 3046 532 3090 usum
565 3047 664 3105 quam
692 3029 781 3104 apud
809 3044 929 3088 aureae
952 3029 1069 3088 aetatis
1093 3029 1282 3104 scriptores,

183 3139 238 3212 qui
271 3137 464 3211 plerumque
496 3135 558 3194 hoc
590 3135 723 3195 dicendi
752 3150 857 3212 genus
879 3135 996 3204 vitant,
1032 3134 1095 3194 nisi
1124 3135 1284 3211 negativa

182 3243 272 3302 notio
295 3248 353 3302 aut
376 3243 540 3302 sententia
558 3242 737 3317 praecedit.
783 3241 821 3299 In
837 3256 900 3302 usu
915 3241 1125 3302 adversative
1142 3241 1283 3301 voculae

183 3352 223 3421 ct,
248 3365 320 3430 quc,
345 3344 527 3429 51555015)
549 3379 593 3390 -
616 3365 692 3407 nam
715 3347 798 3407 inibi
823 3347 865 3406 de
888 3349 1006 3407 ceteris
1030 3363 1159 3422 quoque
1183 3362 1283 3423 agam

181 3487 226 3498 -
250 3473 314 3515 non
347 3456 486 3515 multum
519 3455 603 3513 inter
635 3470 671 3514 se
703 3453 869 3513 differunt.
915 3453 1020 3529 Saepe
1049 3453 1201 3513 omnibus
1229 3453 1282 3512 his

182 3562 285 3622 utitur
317 3559 453 3631 Caesar,
490 3559 568 3619 dum
603 3558 700 3619 modo
734 3560 867 3636 negatio
901 3559 1087 3635 praecedat.
1144 3558 1281 3620 Numeri

292 3802 381 3870 1)(11.
401 3801 528 3857 Kiihner
549 3806 564 3866 ξ
584 3801 644 3858 151.
663 3802 694 3870 8;
715 3800 853 3871 Draeger
872 3800 910 3856 ΙΙ.
930 3817 958 3871 p.
977 3799 1021 3855 22.

290 3892 366 3960 2·)r
385 3891 446 3945 909

290 3979 385 4046 3)Ι)5
403 3978 557 4048 Plautop.
577 3978 602 4031 9

289 4067 319 4133 4)
337 4069 452 4123 Merten
471 4068 533 4138 (pp
554 4065 670 4134 12—16)
690 4066 764 4123 mult
765 4082 797 4122 os
816 4066 898 4122 locos
917 4065 1060 4123 Varronis
1079 4072 1110 4123 ct
1129 4066 1282 4124 Ciceronis

184 4155 319 4311 adfert5)
339 4261 366 4314 p.
388 4243 430 4298 11.
471 4243 546 4299 Item
578 4244 615 4299 cf.
643 4243 862 4315 Nipperdeium
891 4245 922 4299 in
950 4243 1049 4300 Praei.
1077 4244 1116 4298 aci
1146 4245 1282 4312 annales,

184 4350 213 4405 p.
232 4332 268 4387 34
287 4347 348 4402 seq.
