2910 5016
696 413 869 468 ..40-

229 590 284 659 39.
300 592 336 657 2:
353 590 674 675 amplititlineque1)
692 611 800 672 caesa,
819 589 873 653 40.
890 590 925 654 6:
948 593 1110 674 opereque
1121 591 1146 668 1)
1160 590 1332 676 faciendo,

228 698 282 762 47.
299 698 336 763 2:
362 697 618 781 necessitateque
631 699 773 772 cautus,
789 694 851 785 bb.
868 695 904 760 2:
928 695 1161 779 celeritateque
1184 718 1332 763 excesse-

228 812 294 880 rat,
312 804 364 870 ts.
381 806 414 873 l:
439 805 633 887 coborteque
648 825 721 879 sua,
739 802 792 867 lt.
810 805 837 866 1.
870 808 1003 869 Nullam
1019 809 1110 868 aliud
1125 811 1331 884 opusculum,

228 918 316 992 quod
340 918 452 987 sciam,
485 920 552 975 tam
581 916 700 976 multos
729 915 889 974 eiusmodi
922 916 1010 974 locos
1034 917 1179 991 praebet,
1208 923 1240 976 et
1263 934 1332 977 non

227 1029 356 1085 tantum
379 1023 564 1098 frequentia
590 1030 639 1081 est
662 1023 883 1088 miraretum
907 1022 1006 1080 etiam
1029 1022 1118 1096 quod
1141 1039 1183 1086 ex
1213 1024 1331 1084 decem

228 1132 308 1191 locis
341 1137 466 1202 tantum
501 1130 607 1191 tribus
639 1129 823 1204 proximum
854 1129 992 1187 verbum
1025 1129 1175 1188 avocali
1202 1129 1331 1205 incipit.

227 1237 379 1313 Quinque
412 1238 492 1296 locis
525 1237 636 1296 littera
665 1253 683 1296 c
712 1237 821 1296 statim
853 1237 978 1312 excipit
1010 1236 1214 1311 particulam,
1244 1252 1331 1310 quae

226 1359 280 1404 res
302 1360 368 1403 non
399 1344 469 1403 sine
497 1345 623 1403 ratione
656 1345 762 1403 eidem
792 1344 900 1404 studio
933 1344 1084 1403 binorum
1114 1343 1331 1420 gutturalium
1401 1356 1404 1361 ·

227 1465 382 1510 sonorum
397 1451 606 1523 attribuatur,
630 1451 718 1525 quod
735 1466 833 1525 supra
844 1445 871 1525 ²)
885 1450 1143 1519 observavimus,
1160 1465 1235 1510 cnm
1254 1466 1331 1526 age-

227 1571 336 1616 remus
360 1556 401 1615 dc
425 1556 586 1631 particula
610 1561 686 1615 ante
709 1556 882 1615 relativum
907 1551 1058 1630 poenal).

334 1661 493 1736 Denique,
526 1667 563 1722 ut
594 1663 656 1721 hoc
689 1663 869 1737 capitulum
902 1662 1015 1736 paucis
1043 1661 1330 1736 comprehendam,

227 1768 389 1827 contendo
412 1768 680 1843 compositionem
707 1769 890 1843 particulae
914 1783 975 1847 que
1003 1783 1078 1827 cum
1101 1767 1191 1826 finali
1219 1769 1237 1826 i
1260 1783 1330 1826 sae·

227 1875 360 1949 pissime
384 1875 498 1949 primis
521 1875 704 1934 litterarum
729 1875 892 1936 aetatibus
916 1890 987 1933 esse
1002 1879 1203 1949 usurpatam,
1227 1875 1330 1949 prius-

226 1995 324 2054 quam
348 1979 566 2040 Romanorum
589 1996 685 2040 aures
710 1983 830 2039 teretes
853 1987 886 2038 et
909 1980 1083 2054 religiosae
1106 1980 1231 2057 fierent,
1255 1996 1330 2054 par-

227 2086 297 2149 cius
310 2102 347 2149 a
370 2084 508 2145 Caesare
537 2091 569 2144 et
596 2084 763 2160 Cicerone,
799 2094 871 2160 post
895 2084 1060 2145 Ciceronis
1087 2068 1227 2144 aetatem
1255 2102 1330 2160 par·

226 2190 357 2249 cissime
385 2206 489 2264 usque
518 2191 596 2250 dum
628 2193 804 2266 scriptores
832 2191 1002 2250 deterioris
1032 2191 1148 2249 aetatis
1171 2190 1330 2250 incuriosi

226 2311 339 2355 rursus
363 2311 436 2358 eam
458 2296 713 2356 introducerent.

225 2502 249 2574 f,
274 2495 354 2572 Que
377 2504 600 2578 particulae
623 2504 790 2565 vocibus
814 2505 982 2580 plurium
1007 2520 1118 2580 quam
1140 2509 1329 2579 quattuor

525 2611 780 2686 syllabarum
805 2612 1029 2671 adiunctio.

333 2728 556 2806 Draegerus4)
591 2740 681 2791 recte
719 2735 829 2792 monet
863 2749 924 2811 que
959 2733 1153 2808 particulam
1187 2733 1327 2794 vocibus

226 2841 381 2911 quattuor
406 2844 463 2896 aut
486 2838 628 2919 plurium
658 2839 862 2914 syllabarum
885 2855 950 2898 non
981 2841 1051 2899 fere
1075 2839 1179 2913 adici3
1215 2845 1327 2900 tamen

225 2942 314 3016 apud
331 2941 502 3002 Caesarem
527 2945 637 3004 multis
662 2946 742 3005 locis
758 2963 824 3006 non
840 2947 944 3006 solam
961 2947 1105 3020 quinque
1121 2948 1325 3025 syllabarum

224 3048 362 3106 vocibus
387 3051 625 3109 verumetiam
655 3067 715 3109 sex
744 3052 920 3111 adhaeret:
956 3071 984 3112 e.
1008 3071 1041 3130 g.
1059 3049 1325 3134 propinquitati-

108 3165 110 3169 ’
225 3148 285 3211 bus
309 3149 610 3234 affinitatibusque,
635 3152 666 3215 2.
679 3153 711 3215 4.
728 3152 766 3217 4:
791 3153 1076 3238 disputationibus
1100 3155 1324 3221 acccusationi-

225 3254 358 3338 busque,
382 3261 407 3318 Ι.
433 3254 486 3319 33.
511 3255 546 3320 3:
565 3259 733 3341 praemiis
751 3259 1128 3345 pollicitationibusque,
1154 3260 1259 3326 3.18.
1284 3262 1322 3326 2:
1407 3327 1412 3336 ,

225 3361 337 3425 cailan
350 3362 734 3448 administrationesque,
758 3372 784 3429 I.
796 3364 849 3429 25.
861 3368 898 3430 4:
916 3367 1156 3451 pabulationes
1169 3369 1323 3454 frumen·

333 3607 360 3675 1)
380 3605 420 3663 So
440 3607 554 3664 Acuent
574 3626 612 3664 zu
631 3616 741 3680 setzen,
770 3612 836 3668 weil
861 3612 925 3667 hier
943 3614 1007 3667 unrl
1034 3613 1074 3666 im
1093 3613 1239 3669 nbchsten
1258 3613 1323 3668 Bei-

225 3695 298 3764 spiel
318 3711 398 3766 gana
416 3697 499 3751 hart!
527 3695 584 3754 Die
604 3700 721 3755 andern
739 3701 839 3755 haben
860 3701 917 3756 alle
931 3700 1140 3770 daktylischen
1155 3702 1335 3772 Rhythmus

223 3782 420 3852 (Buecheler).
1025 3796 1027 3801 ·

332 3873 360 3938 2)
379 3888 407 3943 p.
427 3874 470 3928 36.

332 3961 360 4029 3)
379 3961 543 4025 Praeterea
568 3965 655 4019 iuvat
680 3967 837 4022 attendere
865 3967 905 4021 ad
933 3982 1105 4023 mensuram
1135 3968 1322 4038 syllabarum

222 4063 428 4118 numerosque
448 4051 665 4106 vocabulorum
687 4070 725 4108 ex
745 4056 963 4125 compositione
982 4042 1077 4112 ortos:
1103 4058 1196 4112 octies
1218 4056 1322 4126 dacty-

221 4135 296 4190 licus
315 4137 348 4190 fit
367 4137 467 4191 exitus
490 4142 524 4192 nt
542 4137 795 4211 necessitatequa,
814 4142 860 4196 bis
881 4145 1046 4211 paeonicus
1072 4149 1126 4199 ant
1145 4144 1319 4214 proceleus-

220 4224 358 4368 maticuq,
377 4223 639 4369 qqnplitratdineque
658 4234 687 4284 et
707 4230 854 4300 opereque
873 4230 1070 4301 (Buecheler).

354 4318 364 4382 l
414 4330 470 4385 ·r·
508 4315 533 4370 ⁷·
