2910 5016
636 427 811 480 ..56-

173 701 209 766 4.
234 700 308 766 Per
333 700 546 780 otqetetac)
570 701 681 766 notio
705 699 902 782 generalis
927 663 1275 787 specialiaddttur

570 807 612 872 et
634 805 720 872 vice
744 821 873 872 versa.

281 952 344 1009 Per
366 952 464 1030 atque
490 947 555 1026 (ac)
589 951 754 1028 generalis
783 952 873 1009 notio
903 951 1038 1025 speciali
1069 953 1275 1027 adiungitur,

175 1059 368 1132 praesertim
393 1057 421 1115 si
445 1057 596 1132 gradatio
620 1057 782 1131 quaedam
807 1056 954 1126 efficitur,
980 1057 1102 1131 alioqui
1126 1059 1156 1116 et
1169 1053 1194 1131 ¹)
1219 1059 1274 1117 vel

175 1159 272 1241 qac2)
305 1167 459 1238 praestat.
506 1164 684 1236 Exempla:
717 1158 754 1220 io
787 1164 962 1241 conspectu
989 1154 1144 1223 Caesaris
1173 1166 1275 1242 atque

175 1265 282 1327 omnis
306 1264 483 1336 eucratas,
501 1262 531 1325 3.
552 1262 601 1324 14.
620 1261 640 1326 8
656 1291 663 1326 ι
677 1264 724 1327 ad
748 1262 874 1347 lepatos
897 1271 995 1347 atque
1016 1265 1273 1338 exercitum,1l.

178 1369 228 1431 11.
245 1370 266 1433 4
281 1396 287 1432 :
302 1369 503 1433 auctoritate
526 1389 590 1432 saa
616 1376 714 1452 atque
739 1369 916 1450 coercitus,
937 1372 965 1432 1.
979 1370 1032 1433 31.
1048 1370 1089 1433 16
1103 1378 1116 1433 ι’
1124 1370 1274 1434 Labieno

176 1481 274 1558 atque
309 1476 355 1539 eis
390 1474 584 1559 legionibus,
612 1474 642 1538 t.
659 1474 713 1538 56.
742 1474 789 1537 2ε
819 1473 932 1540 Cottae
956 1483 1054 1560 atquc
1078 1497 1192 1539 eorum
1217 1477 1276 1559 qui

176 1580 377 1645 dissentiunt
402 1581 589 1657 consilium,
618 1580 650 1644 5.
679 1581 730 1645 29.
761 1582 778 1646 ”l
808 1605 815 1644 :
846 1582 936 1645 domi
959 1588 1057 1665 atque
1080 1583 1117 1645 t'rt
1140 1582 1275 1665 reliqua

176 1686 301 1762 Gallio,
332 1690 360 1751 1.
388 1688 442 1752 20.
468 1688 514 1752 2ι
536 1681 678 1773 portum
703 1709 742 1752 ac
765 1708 859 1752 mare
883 1695 999 1764 totum,
1023 1690 1179 1753 111.111:
1203 1695 1275 1768 plu-

176 1798 259 1856 rima
283 1799 358 1856 alia.
1054 1816 1056 1820 ·

191 1916 194 1923 '
283 1904 389 1963 Minus
412 1921 509 1980 saepe
533 1907 700 1981 generalis
724 1906 812 1963 notio
838 1906 1023 1980 praecedit:
1043 1900 1154 1965 deleto
1179 1921 1275 1965 cerer.-

177 2006 244 2068 et'tu
268 2011 365 2087 atque
388 2006 601 2091 imperatore,
628 2006 658 2068 6.
676 2005 765 2070 3t.t
794 2034 800 2068 :
826 2003 978 2092 Aegypto
1003 2014 1100 2091 atque
1125 2004 1274 2071 Aleman-

177 2112 264 2186 drio,
283 2117 321 2175 Α.
338 2110 391 2175 33.
412 2114 440 2176 1.
654 2127 658 2134 ’
1281 2142 1284 2146 “

350 2401 386 2466 5.
417 2399 625 2480 Quomodo
649 2402 774 2467 verba
800 2405 1099 2484 componantur.

193 2553 195 2556 ⁴
283 2546 395 2604 Restat
427 2552 463 2605 ut
496 2547 536 2606 de
568 2547 745 2606 verborum
775 2547 995 2623 conligatione
1024 2547 1196 2623 disputem,
1231 2556 1273 2626 et,

178 2668 250 2709 cum
275 2654 343 2711 hoc·
360 2660 589 2728 argumentum
613 2653 721 2711 adhuc
749 2669 813 2711 non
844 2654 1021 2729 tetigerim,
1057 2655 1098 2713 'de
1122 2656 1275 2714 omnibus

178 2759 273 2817 simul
307 2759 477 2833 particulis
496 2745 571 2817 'sub
606 2742 791 2817 hcc'titulc
817 2758 986 2817 disseram.
1033 2748 1194 2820 Universa
1218 2762 1275 2819 ad·

178 2865 301 2922 firmari
325 2871 432 2938 potest
454 2881 608 2941 magnam
625 2870 752 2939 partem
767 2865 943 2923 verborum
961 2865 1007 2922 ita
1024 2866 1275 2926 coniunctorum

178 2977 338 3048 cognatae
371 2988 441 3030 esse
475 2972 725 3048 significationis
759 2978 790 3029 et
823 2973 909 3029 inter
942 2972 1022 3029 talia
1049 2974 1198 3045 quamvis
1224 2991 1276 3033 co·

178 3077 286 3152 pularn
320 3078 458 3136 admitti.
506 3077 695 3137 contrariae
728 3076 977 3152 significationis
1000 3078 1176 3137 verborum
1201 3096 1275 3138 con·

177 3185 362 3243 iunctorum
398 3185 485 3258 apud
516 3183 687 3243 Caesarem
722 3183 920 3258 paucissima
955 3185 1107 3259 exempla
1142 3185 1274 3262 adsunt,

177 3298 229 3348 ut:
266 3283 323 3348 otc
358 3292 389 3349 ct
424 3287 469 3349 ad
502 3286 711 3351 subcundum
739 3285 933 3369 periculam
963 3292 993 3350 ct
1021 3287 1066 3350 ad
1098 3286 1275 3350 vitandum

178 3391 319 3455 taciturn
340 3393 484 3477 fortune
507 3393 628 3473 valuit,
654 3391 685 3455 6.
703 3391 756 3454 30.
785 3390 807 3453 4
834 3419 841 3455 ι
870 3394 1019 3476 empetita
1043 3392 1219 3476 conloquio
1245 3400 1275 3457 et

179 3497 343 3581 denepata
377 3504 624 3579 commemorat,
649 3503 674 3560 Ι.
701 3497 754 3560 32.
779 3497 799 3560 6
826 3525 834 3561 ε
860 3499 908 3562 od
932 3498 1159 3583 defendendos
1188 3500 1276 3563 ictas

179 3621 218 3665 oc
233 3602 451 3685 repellendos,
469 3605 510 3666 ll.
528 3603 559 3667 9.
575 3603 612 3682 33
637 3608 751 3683 Neque
768 3609 800 3666 in
819 3609 1052 3683 supplementis
1069 3616 1144 3668 sunt
1160 3610 1274 3679 multa,

179 3714 305 3771 tantum
329 3710 473 3793 acceptis
497 3718 528 3774 et
551 3711 694 3775 redditis
718 3713 769 3790 (H.
789 3711 842 3774 22.
859 3711 893 3790 3)
918 3724 950 3774 et
972 3731 1146 3775 occurre-re
1170 3714 1201 3774 ‘ct
1225 3731 1276 3774 re·

176 3815 296 3899 sape-rc
320 3817 392 3894 (At
403 3816 456 3880 69.
473 3818 507 3894 4)
531 3824 653 3882 inveni.
1082 3886 1084 3890 .

198 3943 201 3971 ³
286 3925 381 3984 Nune
422 3919 552 4003 singula
587 3934 824 4002 pertractemus
858 3928 953 3986 initio
989 3931 1082 4002 capto
1118 3943 1138 3984 a
1171 3928 1276 3987 verbo

179 4029 304 4087 finitive
328 4031 506 4091 indicativo
525 4040 557 4091 et
581 4034 800 4104 subiunctiVO,
826 4033 1014 4091 adiuncturi
1031 4032 1274 4106 imperativum,

179 4135 386 4211 infinitivum,
411 4139 630 4214 participium,
655 4140 852 4216 gerundium
876 4140 1170 4215 gerundivumque.

182 4263 395 4272 ——.—-—-

286 4331 311 4395 ι)
331 4328 374 4384 er.
395 4347 423 4400 p.
444 4331 485 4384 12.
646 4331 674 4400 a)
694 4331 737 4386 cf.
757 4348 784 4401 p.
804 4332 848 4385 50.
