2916 5026
615 419 789 476 ..25-

180 604 211 663 de
228 621 255 663 re
275 599 450 680 Ringius1)
482 618 558 663 cum
591 603 662 679 ipse
693 619 810 684 parum
838 606 992 663 accurate
1021 605 1142 673 docuit,
1177 610 1247 664 tum

179 706 386 788 uraegerum2)
421 710 454 774 in
479 725 624 770 errorem
648 709 790 780 induxit,
826 727 902 771 nem
929 716 1067 786 uterque
1096 711 1248 771 omnibus

179 818 216 876 his
234 817 310 893 apud
335 816 509 877 Caesarem
533 818 613 877 locis
636 817 727 895 dicit,
760 818 868 877 statim
893 834 1070 894 pronomen
1096 819 1206 894 excipi
1229 836 1249 877 a

180 924 280 999 copula.
325 923 432 983 Etiam
457 924 541 984 illud
566 925 703 1002 dignum
727 933 909 986 memoratu
932 932 991 996 est,
1023 926 1174 1001 copulam
1198 942 1249 1003 ae,

179 1048 243 1105 quse
256 1031 409 1108 Draegeri
434 1034 596 1092 sententia
619 1049 693 1092 raro
709 1034 795 1093 hanc
811 1034 1069 1093 conlocationem
1086 1034 1248 1104 admittat,

179 1140 247 1214 apud
266 1138 435 1199 Gaesarem
459 1140 592 1214 quidem
616 1156 721 1215 aeque
745 1157 842 1215 saepe
866 1146 964 1216 atque
989 1143 1019 1200 et
1042 1142 1194 1200 inveniri.

263 1248 382 1308 Auctor
404 1247 487 1307 Belli
512 1242 625 1306 Africi
651 1248 781 1322 saepius
813 1263 872 1322 pro
901 1248 1050 1322 portione
1078 1248 1140 1306 hac
1164 1249 1249 1308 locu·

181 1356 248 1414 tione
267 1371 361 1430 qnam
386 1354 505 1430 reliqui
530 1355 563 1414 hi
588 1354 765 1429 scriptores
788 1354 901 1425 utitur,
930 1359 963 1415 et
986 1355 1074 1416 enim
1097 1358 1250 1431 quattuor

182 1462 248 1520 locos
267 1460 416 1531 ostendit,
451 1467 549 1536 atque
581 1462 665 1521 adeo
693 1478 822 1537 quoque
855 1463 927 1523 loco
960 1463 1111 1538 copulam
1140 1464 1249 1522 statim

183 1571 239 1626 ante
257 1569 462 1647 negationem
486 1568 596 1644 ponit..
626 1568 740 1644 Neque
757 1568 885 1628 Hirtius
907 1585 1014 1645 neque
1037 1575 1152 1629 auctor
1164 1567 1248 1630 Belli

186 1673 368 1736 Alexandrini
392 1676 523 1736 omnino
547 1668 633 1735 hanc
656 1676 852 1736 locutionem
872 1676 968 1754 fugit,
992 1677 1124 1753 parcius
1140 1682 1250 1736 tamen

183 1780 365 1843 mmmm

262 1883 303 1950 ut
330 1904 400 1950 noa
429 1895 462 1949 et
492 1905 532 1949 ae
560 1905 628 1950 noa
656 1889 744 1949 haud
774 1906 849 1948 raro
877 1890 967 1965 apud
983 1889 1166 1950 'Caesarem
1198 1908 1245 1950 oe·

184 2003 297 2074 currunt,
332 1997 392 2057 sed
416 2013 478 2077 que
502 2039 510 2057 .
535 2041 542 2057 .
567 2012 634 2058 nou
658 2013 723 2057 non
748 1997 857 2057 exstat
885 1999 1033 2072 exceptis
1062 1997 1248 2059 huiusmodi

184 2104 336 2164 sententiis:
1051 2165 1053 2171 ,

210 2198 211 2202 “
265 2203 342 2273 Cam
365 2228 401 2272 se
423 2226 549 2292 eaeque
572 2207 615 2272 ab
639 2206 686 2272 eis
702 2205 882 2291 defendere
898 2213 1126 2292 conpesceret.
1152 2206 1181 2270 l.
1197 2206 1248 2270 11.

183 2312 206 2388 i,
226 2321 271 2380 ubi
292 2322 410 2398 copula
433 2336 499 2380 non
522 2318 693 2380 enuntiata
717 2320 775 2379 sed
798 2320 895 2379 binas
918 2320 952 2379 in
972 2320 1127 2397 negativo
1151 2335 1248 2378 enun-

182 2425 242 2485 tiato
268 2429 387 2504 positas
419 2427 568 2487 notiones
597 2427 683 2486 inter
713 2443 748 2486 se
775 2426 955 2504 coniungit.
1001 2425 1064 2486 Sed
1090 2426 1174 2485 alius
1196 2441 1250 2502 gc·

182 2533 247 2592 neris
266 2539 338 2595 sunt
361 2534 395 2593 hi
419 2533 483 2593 loci
507 2548 588 2607 quos
611 2532 677 2592 iam
700 2548 937 2592 commemoro:

263 2637 430 2721 opereque
459 2633 620 2721 faciendo
652 2634 776 2699 milites
798 2655 833 2699 se
857 2633 1147 2719 circumspiciendi
1182 2650 1249 2698 soa

182 2738 317 2808 ldebeat
337 2741 553 2828 facultatem:
574 2745 628 2806 Ar.
645 2740 698 2805 47.
716 2741 747 2804 2.

262 2848 367 2915 Arma
391 2849 530 2933 capiant
546 2852 727 2933 contraque
742 2867 853 2934 sepem
867 2848 983 2934 fecere
998 2868 1067 2913 rica
1082 2848 1249 2914 dubitarit.

180 2952 723 3021 mmmmmffimffmu

262 3067 362 3143 Quem
386 3081 481 3126 nsum
511 3066 580 3125 fere
608 3065 743 3126 summis
767 3064 983 3140 scriptoribus
1006 3065 1148 3124 alienum
1156 3061 1182 3135 ³)
1211 3083 1249 3125 eo

178 3172 263 3233 ninus
284 3175 449 3242 miramur,
475 3171 563 3247 quod
586 3171 620 3231 in
635 3171 725 3231 Bello
743 3171 856 3230 Africo
881 3174 913 3230 et
933 3171 1022 3232 Bello
1039 3171 1249 3247 Hispaniensi

178 3280 305 3351 occurrit,
342 3295 426 3354 quae
449 3279 607 3354 opuscula
630 3277 844 3336 multifariam
873 3293 1054 3336 sermonem
1084 3278 1249 3353 plebeium

177 3384 322 3460 resipinnt,
363 3386 430 3460 qui,
462 3390 500 3445 ut
532 3399 631 3458 snpra
664 3383 746 3454 dixi,
781 3383 941 3458 imprimis
977 3383 1156 3459 particulae
1187 3399 1249 3463 quie

177 3489 255 3549 lavet.
281 3484 330 3551 Ac
346 3505 413 3551 reon
430 3491 519 3566 apud
533 3488 891 3550 Pseudo-Caesarianos
908 3505 974 3550 uno
990 3491 1060 3550 loeo
1077 3485 1248 3566 excepto4)

176 3597 1248 3672 mmmmNmmmwmffifflfflmem

175 3716 222 3761 nec
242 3705 325 3780 apud
349 3703 502 3774 Hirtium,
534 3705 590 3778 qui
615 3703 748 3778 quidem
776 3708 879 3762 totum
905 3704 965 3762 hoc
989 3703 1120 3762 dicendi
1145 3718 1249 3778 genus

175 3812 200 3865 et
220 3810 400 3888 negativam
426 3811 672 3871 commissuram
701 3809 796 3886 fugit,
827 3809 884 3868 illa
913 3825 979 3868 una
1008 3809 1169 3876 sententia
1192 3825 1248 3867 ex-

174 3969 364 3984 ᾖ

263 4081 398 4153 Dpu.
598 4083 775 4156 ffiHpH

261 4171 288 4238 3)
306 4169 467 4240 Montanus,
486 4189 515 4243 p.
536 4173 577 4241 11,
597 4172 697 4228 adfert
717 4173 793 4230 duos
813 4175 894 4228 locos
914 4172 1075 4242 Ciceronis,
1100 4173 1138 4228 de
1157 4172 1205 4229 Or.
1226 4173 1247 4226 I.

175 4254 237 4324 ira,
254 4258 290 4314 de
306 4258 371 4315 Fin.
389 4258 424 4315 V.
444 4263 460 4324 ἕ
478 4259 520 4314 is.

261 4343 448 4415 HAQH
