2916 5026
586 443 764 506 *19-

120 629 210 691 Νιιιιι
228 631 576 706 -adpropiuquantlbus
599 630 818 706 Dyrrachium
843 630 1057 710 Caesarianis,
1081 639 1155 694 cum
1174 630 1230 694 Co·

121 737 244 813 podius
267 737 310 795 ad
334 752 391 796 eos
415 737 647 813 contendisset,
684 738 806 796 leniore
830 743 928 797 vento
952 738 1062 816 fiebat,
1096 745 1132 798 ut
1155 738 1230 800 Cae·

122 843 250 902 suriani
273 840 402 902 tardius
425 844 641 917 procederent
664 849 697 902 et
720 840 882 918 Coponius
906 859 961 902 cos
988 857 1092 918 paone
1120 860 1230 904 conse·

122 955 292 1024 queretur,
318 948 376 1007 sed
401 960 474 1008 oum
491 954 609 1008 ventus
624 965 737 1009 rursus
752 950 995 1016 increbruisset‚
1020 951 1229 1025 superabant.

123 1056 291 1132 Coponius
314 1061 425 1114 tamen
440 1056 606 1130 sperabat
634 1057 827 1132 remigando
851 1047 893 1114 ‘et
915 1054 949 1129 (i.
974 1073 1000 1115 e.
1025 1052 1139 1130 ctiam)
1163 1053 1229 1116 vim

123 1155 336 1241 tempestatis
358 1157 518 1241 superari
536 1154 655 1240 posse’.
701 1160 851 1239 Mengius
872 1157 973 1220 etiam
997 1177 1056 1236 pro
1080 1162 1110 1221 et
1127 1163 1230 1221 voluit

124 1271 249 1345 legere,
284 1282 385 1341 quam
415 1267 646 1337 coniecturam,
683 1267 823 1342 simplici
849 1268 966 1343 copula
993 1268 1131 1327 eandem
1162 1269 1229 1327 vim

123 1375 280 1444 habente,
305 1386 584 1448 supervacaneam
603 1381 692 1448 puto.
726 1373 879 1433 Proximo
902 1375 973 1433 loco
998 1371 1041 1449 (e)
1070 1375 1139 1434 sine
1163 1375 1231 1434 ulla

123 1479 334 1540 dubitatione
357 1479 429 1538 fleri
453 1485 559 1554 potest
587 1485 623 1538 ut
651 1495 902 1558 nonnumquam
930 1481 1060 1555 utrique
1083 1481 1231 1539 membro

124 1598 300 1646 commuue
323 1586 515 1663 habeamus,
539 1586 573 1644 id
597 1587 687 1661 quod
710 1586 929 1662 Nipperdeius
942 1582 968 1661 ¹)
992 1587 1143 1662 postulat.

236 1686 287 1751 ux
299 1691 426 1751 Pseudo
439 1689 644 1752 Caesarianis
665 1693 796 1767 scriptis
811 1706 913 1752 uuum
930 1693 1046 1768 locum,
1060 1694 1143 1767 quia
1164 1708 1230 1752 cor-

124 1799 309 1874 ruptissimi
334 1800 409 1857 suut
433 1798 551 1873 reliqui
563 1793 599 1872 ²),
626 1814 855 1858 commemoro:

139 1910 141 1913 ’
237 1900 329 1964 Nam
362 1906 393 1964 ct
423 1900 608 1966 munitione
636 1901 806 1984 praesidii
832 1902 883 1965 ita
911 1902 1229 1986 cocnpnatabunmr,

124 2015 174 2084 nt,
200 2012 241 2071 H.
258 2005 312 2070 23.
330 2006 360 2088 l,
393 2011 451 2070 ubi
475 2006 719 2085 l'leiscberus2)
749 1997 889 2070 coniecit
916 2004 957 2070 ‘ct
986 2007 1170 2071 munitione
1200 2013 1232 2071 et-

118 2113 312 2197 praesc'dc'n'a
326 2112 361 2192 ³),
395 2130 470 2176 oum
494 2117 585 2176 uullo
609 2117 673 2176 alio
697 2118 767 2176 loco
791 2118 980 2177 inveniatur
1005 2119 1038 2177 in
1062 2119 1123 2177 hoc
1146 2118 1231 2178 libro

126 2227 158 2283 et
183 2225 316 2283 notione
332 2218 439 2305 ,ctiam
462 2223 643 2299 particulae
660 2223 819 2299 praedita,
843 2224 899 2283 sed
916 2215 1039 2299 ubique
1056 2221 1157 2284 ettam
1174 2221 1230 2300 (cf.

127 2323 759 2404 8.3:23·.8=38.2=41.3:42.l).
817 2329 882 2390 Sed
915 2328 1167 2406 Oudendorpius
1200 2345 1232 2390 et

126 2435 349 2512 Nipperdeius
366 2441 398 2494 et
413 2435 561 2511 plerique
578 2436 684 2495 critici
701 2436 790 2496 illam
808 2435 1030 2512 probaverunt
1046 2437 1229 2496 lectionem.

444 2723 480 2789 5.
528 2728 566 2788 ct
589 2723 918 2808 comparativum.

238 2877 329 2944 Duae
346 2901 398 2943 res
418 2897 557 2959 quarum
581 2881 759 2940 similitudo
784 2887 840 2940 aut
865 2882 1039 2941 diversitas
1063 2889 1113 2941 est
1135 2883 1233 2959 signi·

127 2992 261 3050 ficauda
285 2991 450 3051 interdum
475 2996 713 3063 componuntur
736 3002 795 3061 per
819 2988 860 3058 et,
894 2989 952 3046 sed
980 2988 1077 3065 longo
1102 2976 1238 3064 saepius

128 3114 191 3173 per
213 3088 312 3175 atquc
336 3093 414 3174 (ac),
439 3101 512 3170 post
529 3095 632 3152 verba
652 3107 789 3172 aeqnna,
812 3087 944 3171 sinaitis,
962 3089 1110 3172 pariter,
1134 3088 1233 3164 idern,

127 3199 230 3274 alins,
256 3197 366 3280 aliter,
390 3203 511 3262 similia
523 3196 560 3277 4).

239 3312 335 3387 Apud
358 3313 487 3370 veteres
512 3296 688 3385 scriptores
712 3307 743 3367 et
766 3309 851 3367 hanc
867 3308 934 3366 vim
951 3322 1025 3365 raro
1042 3307 1151 3378 habet,
1176 3307 1234 3366 sed

129 3420 196 3478 iam
221 3419 310 3494 apud
333 3417 522 3477 Sallustium
546 3422 578 3474 et
602 3393 790 3475 Ciceronem
814 3414 916 3473 multa
943 3413 1096 3486 exempla
1123 3427 1234 3471 occur·

128 3529 216 3582 runt.
259 3518 361 3599 ¹Apud
385 3530 543 3593 auctores,
569 3537 650 3596 quos
673 3527 862 3591 tractamus,
886 3519 1019 3578 invenio
1043 3519 1139 3578 haec:

241 3618 305 3689 Hic
328 3624 421 3689 locas
444 3642 549 3707 neqno
571 3622 646 3708 fere
669 3622 780 3706 spatio
804 3622 845 3686 ab
872 3621 993 3686 naalma
1016 3613 1182 3684 Ariouisti
1204 3625 1234 3683 et

131 3727 292 3796 Caesaris
314 3732 442 3796 aberat.
469 3730 498 3795 1.
514 3728 568 3797 43.
589 3729 617 3792 1.

132 3852 353 3870 ff

242 3920 269 3988 1)
289 3937 318 3991 p.
337 3920 380 3976 70.

211 4011 215 4021 ¹
239 3995 1168 4077 arnual:illast-tals.12H.1.1:1i.2:'22.3.

240 4096 268 4163 3)
287 4095 448 4166 Fleischer,
465 4096 668 4161 Quaestionaa
682 4095 719 4150 de
733 4094 812 4150 bello
823 4094 1025 4164 Hispaniensi,
1045 4102 1114 4163 pars
1129 4092 1233 4147 altera.

132 4189 245 4258 Progt.
264 4184 351 4242 ilisa.
371 4185 458 4256 1888,
453 4201 496 4258 p.
517 4185 559 4240 14.

240 4274 269 4344 4)
289 4273 332 4332 Oi.
352 4273 455 4347 Reisig
476 4273 529 4329 III.
550 4291 577 4346 p.
598 4273 666 4343 1963
697 4273 834 4343 Draeger
859 4271 898 4326 II.
918 4272 1013 4336 §311
1034 4271 1080 4339 183
1111 4212 1237 4327 Kiihner
