2910 5016
693 411 868 468 ...10-

340 589 430 670 uquc
453 592 551 670 atque
575 586 656 672 iqui,
679 586 709 651 6.
725 585 780 651 44.
796 585 828 652 3.
903 592 909 596 ''

338 693 477 779 flumine
501 701 600 778 utque
623 694 788 768 iuuenum,
815 694 844 758 7.
861 693 914 758 55.
932 694 964 758 8.

237 842 239 847 -
339 800 476 885 friporu
497 804 597 884 atquc
620 807 743 876 aestua
766 799 799 864 6.
815 800 869 868 22.
886 799 918 866 3.

270 907 877 989 “Μωὼᾞη6.

342 1009 397 1077 dic
419 1033 460 1078 ac
484 1020 588 1095 nocte,
611 1019 670 1079 111.
687 1012 740 1078 36.
758 1013 789 1078 8.

340 1139 514 1184 seruorum
537 1139 577 1184 uc
600 1119 792 1202 liberorum,
809 1125 866 1185 Ill.
884 1120 938 1185 32.
955 1121 991 1186 2.
1016 1121 1069 1185 80.
1086 1122 1117 1187 3.

324 1230 420 1292 Unde
452 1232 663 1291 manifestum
692 1239 742 1292 est
770 1232 1051 1312 particulamque
1083 1235 1333 1296 usitatissimam

236 1353 324 1407 csse,-
348 1337 508 1412 scriptore
530 1338 613 1398 Belli
636 1338 864 1414 Hispaniensis
887 1351 1035 1414 excepto,
1066 1342 1155 1416 apud
1179 1358 1275 1416 quem
1302 1345 1334 1403 ct

235 1445 441 1517 praevaleam
466 1444 586 1505 deinde
610 1445 699 1520 apud
715 1445 886 1507 Caesarem
911 1462 1005 1506 usum
1029 1448 1211 1522 particulae
1232 1450 1333 1527 utque

234 1545 299 1624 (uc)
323 1550 392 1609 fere
416 1567 551 1611 numero
570 1568 646 1613 ,assa
670 1568 793 1628 parem.
841 1552 910 1611 Nec
933 1560 982 1613 est
1005 1555 1333 1628 praetermittendum

236 1656 334 1735 atque
356 1651 422 1731 (ac)
447 1658 536 1733 apud
560 1665 686 1719 ceteros
710 1650 885 1734 scriptores
909 1659 942 1718 in
966 1659 1088 1719 talibus
1111 1661 1333 1722 locationibus

235 1777 300 1820 non
323 1764 475 1822 mvemri.
1151 1762 1155 1770 ’

570 1952 599 2023 c.
625 1933 792 1994 Nomina
821 1936 995 2011 propria.

324 2054 495 2133 Ringius1)
528 2066 618 2120 recte
651 2061 853 2129 demonstrat
876 2062 1017 2136 propriis
1045 2062 1232 2127 nominibus
1256 2060 1334 2122 Cae·

237 2177 343 2221 sarem
372 2164 415 2221 ad
439 2181 533 2225 suum
557 2165 730 2231 arbitrium
754 2167 912 2228 adhibere
935 2169 1070 2242 copulas
1092 2168 1210 2228 videri.
1249 2168 1335 2228 Nam

237 2283 333 2328 cccc:

343 2370 562 2455 Eporedorte
586 2381 617 2438 ci
637 2373 880 2450 Viridomarus,
898 2374 927 2439 i.
942 2374 995 2439 38.
1013 2376 1043 2440 2.

344 2476 562 2561 Eporedoriu
586 2478 891 2564 Viridomarusque,
909 2479 939 2545 i.
956 2479 1009 2545 55.
1025 2480 1057 2546 4.

344 2603 366 2649 u
390 2584 602 2651 Viridomaro
626 2591 726 2670 utque
749 2586 991 2673 Eporedoripc,
1017 2586 1045 2650 l.
1063 2588 1117 2675 64.
1137 2588 1165 2653 l.

327 2695 452 2754 Tamen
475 2697 632 2771 inspicias
654 2698 753 2756 volim
779 2714 931 2757 numeros
957 2698 1015 2757 hos
1043 2680 1090 2758 ad
1114 2699 1334 2773 frequentium

239 2802 280 2858 ex
304 2802 548 2875 comparatione
573 2796 810 2863 ostendendam
832 2805 1022 2879 copularum
1040 2805 1242 2882 singularum
1259 2821 1335 2865 con·

238 2906 356 2967 lectos:

511 2998 542 3058 cl
599 2993 604 3000 ’
703 3014 765 3077 que
935 3001 1034 3080 utque
1052 2992 1119 3080 (ac)

399 3103 489 3166 Caes.
509 3098 553 3162 95
714 3096 758 3163 50
994 3099 1038 3164 34

398 3209 482 3269 Hirt.
529 3203 551 3268 4
734 3204 755 3268 3
991 3243 1036 3253 -

400 3316 438 3375 Α.
534 3310 552 3376 i
738 3311 758 3398 8

399 3423 452 3481 Af.
514 3416 554 3481 15
738 3417 758 3481 8
994 3453 1036 3464 -

401 3528 441 3587 H.
532 3522 553 3587 6
740 3523 755 3586 l
1025 3559 1039 3570 -

347 3634 442 3696 Unde
465 3642 602 3710 apparet
625 3635 713 3711 apud
737 3652 849 3695 omncs
873 3637 1069 3710 particulam
1094 3639 1125 3696 et
1149 3637 1246 3712 longe
1269 3637 1335 3695 usi-

240 3741 433 3801 tatissimam
466 3758 548 3810 essa,
585 3743 683 3821 atque
715 3742 849 3801 minime
884 3742 1053 3819 volgarem
1089 3743 1116 3801 si
1151 3742 1335 3817 excipimus

239 3844 420 3907 Caesarem.
468 3847 615 3907 Accedat
648 3864 777 3922 quoque
809 3857 846 3907 ut
875 3848 960 3906 inter
990 3849 1124 3907 nomina
1152 3848 1335 3919 consulum,

240 3969 324 4027 quac
356 3955 465 4013 hercle
498 3956 566 4013 fere
598 3953 755 4013 dissolute
784 3948 992 4029 ponunturl),
1027 3954 1193 4014 interdum
1217 3952 1336 4028 copula

345 4145 374 4300 ii
392 4144 559 4303 dipping
577 4231 629 4286 111.
649 4231 739 4300 caea,
758 4248 786 4302 p.
801 4231 866 4300 1⁹33
883 4231 1063 4301 Lahmeyer,
1082 4199 1261 4302 asyndeton
1280 4230 1336 4286 uer

241 4320 356 4379 Numan
376 4320 425 4377 bei
443 4318 629 4394 Anfiihrung
647 4336 709 4377 von
728 4319 986 4392 Consulnpaarcu¹
1004 4320 1109 4379 Pluot
1128 4319 1172 4391 22,
1191 4337 1220 4407 p.
1238 4319 1282 4375 63.
