2910 5016
493 1201 527 1282 Ι.
556 1201 869 1288 Prooemium.

240 1416 369 1476 Abhinc
398 1417 467 1477 fere
496 1418 618 1495 viginti·
643 1434 757 1490 annos,
792 1418 978 1495 Drangerus
1002 1433 1076 1477 cum
1100 1418 1229 1477 notissi-

133 1537 223 1583 mum
247 1523 377 1594 librum,
402 1524 458 1598 qui
481 1523 673 1584 inscribitur
699 1524 921 1604 ,Historlscbe
938 1522 1066 1599 Syntax
1090 1523 1150 1583 der
1172 1523 1229 1583 La·

134 1629 314 1690 teinischen
333 1627 511 1705 Sprachc“,
536 1631 709 1708 emitteret,
733 1645 798 1690 non
822 1631 893 1690 sine
915 1646 1015 1691 causa
1030 1630 1231 1704 querebatur

134 1736 168 1796 in
192 1736 342 1813 ingressu
366 1737 485 1812 capitis
495 1732 520 1812 ¹)
545 1738 586 1797 de
614 1737 794 1815 particulis,
827 1754 892 1797 non
924 1735 1134 1812 suppeditare
1165 1752 1229 1796 ma·

135 1841 250 1901 teriam
267 1848 421 1901 accurate
437 1842 635 1918 exquisitum
652 1851 685 1903 et
701 1850 811 1920 aptam
828 1845 871 1904 ad
894 1844 979 1904 hanc
1003 1859 1071 1902 rem
1095 1842 1230 1902 uberius

135 1947 304 2022 lbsiusque
334 1948 575 2025 disputandam.
623 1951 673 2010 Ex
703 1968 766 2026 quo
800 1955 944 2026 tempore
978 1955 1085 2007 tamen
1120 1944 1229 2008 recen-

135 2052 234 2113 tiores
257 2054 432 2115 multorum
457 2055 628 2115 doctorum
655 2056 698 2116 ad
726 2055 926 2131 antiquiores
950 2055 1070 2125 Handi,
1095 2053 1230 2131 Spittae,

135 2158 266 2230 Ballasi,
300 2160 490 2232 Klammeri,
524 2161 687 2239 Ringique
700 2157 726 2236 ²)
756 2162 884 2223 libellos
913 2168 1133 2223 accesserunt.
1180 2160 1231 2219 Ex

135 2265 255 2340 quibus
279 2265 464 2343 dignissimi
493 2276 675 2328 memoratu
699 2271 774 2328 sunt
797 2260 846 2328 bi:
882 2269 1001 2339 lllmer,
1035 2268 1105 2329 'l'be
1130 2265 1231 2343 Oopu·

136 2371 236 2432 lative
260 2371 418 2432 Particles
442 2389 514 2453 pue,
538 2375 579 2452 et,
604 2376 703 2454 atque
730 2375 764 2434 in
789 2375 842 2434 the
872 2374 1086 2451 Inscriptions
1114 2373 1151 2432 of
1176 2373 1230 2432 the

136 2477 308 2554 Republic,
332 2478 366 2539 in
389 2479 538 2540 Terence
561 2481 627 2540 and
654 2481 687 2540 in
712 2479 800 2552 Cato,
837 2481 1011 2541 American
1034 2480 1174 2542 Journal
1198 2479 1235 2539 of

136 2584 308 2663 Philology
335 2579 434 2659 18873
469 2586 604 2656 Merten,
631 2586 679 2646 De
702 2586 941 2647 Particularum
964 2585 1232 2663 Copulatlvarum

136 2694 225 2768 apud
242 2693 377 2753 Veteres
400 2694 619 2754 Romanorum
643 2694 825 2771 Scriptores
847 2694 927 2772 Usu,
951 2694 1120 2771 Marpurgi
1135 2686 1230 2752 1893.

137 2799 190 2859 Ad
212 2800 270 2859 bos
292 2800 386 2860 multi
410 2800 465 2859 alii
490 2801 578 2860 docti
602 2801 727 2876 aliquid
751 2801 827 2861 huic
850 2801 898 2860 rei
922 2801 956 2859 in
977 2800 1079 2860 variis
1102 2801 1232 2876 scriptis

137 2903 343 2983 philologieis
376 2907 567 2968 attulerunt.
613 2907 708 2968 Nunc
737 2923 816 2967 vero
848 2907 965 2966 barum
997 2907 1231 2982 particularum

136 3027 215 3073 usus
250 3012 283 3072 in
316 3014 363 3073 rel
397 3013 550 3089 publicae
583 3015 852 3090 inscriptionibus
885 3020 917 3073 et
949 3013 1038 3089 apud
1070 3012 1232 3083 Plautum,

137 3117 303 3196 Catonem,
326 3119 528 3192 Terentium,
546 3120 737 3198 Varronem,
763 3121 937 3180 Auctorem
961 3120 1004 3179 ad
1020 3119 1232 3189 Herennium,

137 3223 337 3297 Ciceronem,
371 3225 538 3298 Senecam,
573 3226 788 3302 Tacitumque
813 3227 942 3301 copiose
972 3226 1140 3301 expositus
1173 3231 1232 3284 est.

137 3330 236 3407 Apud
265 3329 436 3392 Caesarem
470 3340 580 3392 autem
613 3347 692 3392 usus
724 3333 869 3392 nondum
902 3331 981 3391 satis
1014 3336 1168 3391 accurate
1201 3336 1234 3390 ct

137 3437 289 3498 uberiore
317 3437 537 3513 disputatione
566 3442 735 3510 tractatus,
772 3440 860 3515 apud
882 3436 1234 3498 Pseudo-Caesarianos

138 3545 314 3621 scriptores
337 3561 378 3604 ne
403 3551 510 3605 tactus
537 3545 671 3620 quidem
701 3552 759 3605 est.
807 3546 920 3620 Itaque
948 3560 1066 3621 operae
1093 3544 1233 3619 pretium

138 3666 209 3711 esse
243 3652 411 3730 putabam,
447 3652 474 3711 si
507 3649 678 3712 Caesarem
714 3658 747 3710 et
775 3649 1127 3711 Pseudo-Caesarianos
1159 3651 1234 3709 scri-

138 3764 247 3833 ptores
280 3774 378 3834 quam
411 3758 657 3818 accuratissime
690 3763 924 3835 perscrutarer,
960 3762 1005 3827 ut,
1040 3772 1121 3829 quas
1145 3756 1234 3832 leges

138 3864 200 3924 hac
224 3865 256 3924 in
279 3881 314 3925 re
338 3866 442 3926 secuti
466 3872 583 3932 essent,
608 3865 795 3925 describere
818 3879 962 3939 possem;
987 3869 1019 3923 et
1041 3879 1106 3922 non
1130 3863 1235 3922 solum

138 3973 200 4032 hoc
223 3973 281 4032 sed
305 3973 404 4032 etlam
427 3973 509 4033 alios
527 3972 713 4048 scriptores,
738 3971 885 4045 quiante
902 3968 1235 4046 autposthesarem

247 4193 274 4259 l)
293 4208 341 4264 op.
361 4193 410 4247 clt.
429 4190 467 4244 H.
487 4207 515 4261 p.
535 4190 560 4244 1.

177 4306 180 4311 ·
244 4280 423 4352 mnpi
503 4281 508 4310 ³
611 4278 615 4307 ²
720 4278 723 4284 ’
