2916 5026
619 443 794 502 ..eo-

150 630 302 687 currunt:
325 623 393 708 teqi
405 617 689 708 dissimularique,
708 629 735 690 Ι.
751 622 802 687 19.
815 623 851 688 2(
876 620 1033 690 reuocare
1049 626 1253 711 hortarique,

149 731 182 797 5.
198 728 230 793 6.
247 729 284 793 4.
307 749 468 814 superare
459 730 656 814 'delerique
681 735 719 794 A.
737 730 788 794 21.
805 730 843 795 23
862 732 1033 816 possideri
1049 732 1253 815 umtarique,

150 844 189 904 A.
199 837 259 901 34.
279 838 314 900 i:
336 835 501 921 pabulari
521 836 802 924 frumentarique,
827 843 866 902 A.
882 837 936 902 61.
943 837 989 903 ..e
1014 840 1109 905 dirui
1130 839 1253 904 deseri-

149 965 223 1031 que,
248 950 300 1008 Af.
319 943 372 1007 26
387 942 420 1008 5

143 1092 145 1098 -
256 1057 420 1116 Multot
387 1056 487 1115 etiam
516 1057 755 1131 frequentiores
785 1057 861 1116 sunt
886 1057 972 1135 ‘aliae
1001 1058 1255 1133 compositiones

149 1178 212 1243 que
235 1164 373 1222 voculae
387 1171 429 1221 et
456 1164 490 1221 in
523 1163 542 1222 i
572 1164 761 1223 exeuntium
799 1164 992 1238 praesertim
1024 1164 1193 1223 nominum
1221 1170 1255 1222 ot

149 1269 399 1328 adieetivorum.
446 1267 571 1328 Tamen
588 1270 670 1327 haec
691 1269 906 1328 commissura
929 1264 1058 1344 saepius
1085 1270 1256 1331 invonitur
1371 1325 1373 1328 ,

150 1375 239 1450 apud
261 1375 388 1450 priscos
412 1382 444 1434 et
466 1382 615 1434 recentes
638 1378 738 1449 quam
763 1376 849 1450 apud
874 1372 1019 1435 melioris
1034 1376 1161 1435 aetatis
1177 1377 1255 1437 serl-

140 1488 269 1557 ptores.
315 1482 498 1541 Harantins-
518 1483 607 1541 dicit.
618 1483 743 1542 nullum
756 1477 875 1546 'adesse
898 1483 1006 1542 locum
1030 1483 1119 1557 apud
1134 1498 1253 1558 prosae

149 1589 325 1663 scriptores
354 1587 554 1657 Sallustium,
579 1588 750 1659 Velleium,
781 1587 945 1658 Curtium,
960 1588 1110 1653 Plinium
1134 1589 1254 1648 Secun-

149 1695 239 1770 dum,
274 1695 407 1754 Florum
441 1690 724 1769 Iustiniannm'qu'e
737 1689 771 1768 ¹),
803 1689 1033 1770 neque..apud
1057 1701 1169 1770 poetas
1198 1693 1254 1755 Ca·

148 1802 276 1877 tullum,
301 1797 493 1876 Vergilium,
524 1798 689 1876 Ovidium,
719 1800 913 1870 Phaedrum,
939 1800 1087 1859 Persium
1104 1801 1254 1860 luvena-

144 1908 288 1981 lemque.
342 1905 471 1981 Contra,
506 1912 543 1966 ut
574 1904 682 1982 pauca
716 1922 756 1965 ae
788 1906 956 1966 luculenta
991 1904 1251 1976 commemorem,

148 2014 237 2088 apud
260 2013 412 2073 Plautum
435 2013 589 2072 undecim
613 2014 774 2088 exempla,
799 2014 833 2071 in
846 2012 1012 2073 Ciceronis
1035 2011 1250 2089 orationibus,

148 2121 237 2194 quod
259 2119 399 2190 mireris,
423 2120 587 2190 undecim,
612 2121 647 2178 in
670 2120 822 2179 omnibus
847 2120 917 2178 eius
940 2120 1095 2194 operibus
1119 2119 1252 2178 circiter

148 2227 399 2303 quinquaginta,
429 2227 517 2300 apud
540 2219 728 2285 Lucretium
751 2219 871 2302 viginti
895 2227 1030 2301 septem,
1060 2219 1253 2301 6161115661-

148 2333 227 2391 lium
244 2332 468 2408 quadraginta
483 2338 636 2407 quattuor
660 2337 822 2407 apparent
832 2327 869 2405 ²).
909 2325 1068 2392 Omnibus
1080 2333 1154 2390 >fere
1170 2331 1253 2390 locis

150 2439 334 2512 proximum
358 2440 498 2498 verbum
521 2456 542 2497 a
563 2439 671 2498 vocali
694 2439 820 2514 incipit,
845 2441 882 2498 ut
900 2439 1035 2497 elisione
1059 2438 1162 2496 nimia
1185 2453 1253 2496 cor·

147 2547 316 2620 raptarum
341 2546 544 2620 syllabarum
567 2545 753 2618 frequentia
782 2545 928 2604 deminui
952 2544 1105 2618 potuerit.
1152 2541 1251 2617 Apud

149 2649 322 2710 Caesarem
354 2667 469 2726 pauca.
492 2652 659 2726 exempla
676 2652 853 2711 habemus:
886 2645 1001 2731 qratia
1023 2644 1251 2730 diquitateque

148 2752 367 2838 amplificata,
392 2754 423 2818 6.
447 2754 498 2817 12.
517 2752 556 2818 6(
591 2754 876 2837 commodioreque
900 2754 1031 2835 itiuere,
1056 2757 1114 2816 ΙΙΙ.
1136 2750 1190 2815 el.
1212 2750 1250 2815 3:

148 2860 190 2924 ab
213 2861 366 2925 omuibus
388 2860 508 2944 lequtis
531 2867 777 2942 quaesturaque,
802 2857 833 2923 5.
851 2857 905 2923 25.
922 2857 954 2923 5.
1002 2863 1155 2922 Proximo
1179 2864 1250 2922 loco
1370 2936 1373 2941 1

83 3044 87 3052 .
148 2972 244 3031 lectio
279 2973 520 3051 quaesturaque
552 2965 659 3050 [codd.
690 2963 995 3048 quaestoribueque]
1025 2986 1069 3028 ex
1097 2969 1251 3028 emenda·

148 3077 235 3136 tione
258 3077 411 3138 Oiacconi
442 3079 575 3154 pendet,
606 3079 665 3153 qui
686 3083 787 3138 'recte
810 3085 920 3137 monet
952 3078 987 3136 in
1011 3075 1151 3153 singulis
1180 3091 1250 3152 pro·

147 3183 265 3243 vinclis
300 3184 446 3261 singulos
475 3186 576 3245 fuisse
611 3191 815 3260 quaestores3
853 3200 951 3258 quam
975 3183 1250 3261 emendationem,

50 3353 55 3362 ,
147 3290 294 3366 plerique
319 3290 460 3350 editores
483 3283 688 3367 receperunt.
746 3290 962 3350 Vielhaberus
986 3295 1095 3347 autem
1119 3289 1251 3347 61Ηοί-

147 3394 246 3457 deruo
266 3397 374 3456 uerba
396 3392 516 3477 leqatie
539 3392 832 3475 quaestoribusque
856 3395 950 3455 uncis
973 3393 1188 3454 incluserunt.
1233 3449 1235 3453 .

253 3502 291 3561 In
314 3502 403 3561 Bello
420 3503 533 3562 Africo
558 3504 743 3578 frequentia
766 3503 880 3562 talium
905 3501 1176 3576 compositionum
1201 3508 1250 3561 est

146 3613 238 3667 tanta
269 3615 306 3668 ut
328 3609 364 3669 id
396 3626 497 3669 unum
526 3609 631 3669 libelli
662 3610 806 3668 maxime
838 3609 1020 3688 proprium
1035 3604 1266 3683 1616616166

145 3710 343 3795 ciuitatesque
376 3730 503 3793 carere,
543 3712 596 3776 22.
625 3712 662 3775 2;
700 3711 944 3794 acerbitateque
979 3730 1248 3793 commemorare,

145 3814 200 3879 26.
217 3815 253 3880 2:
270 3817 566 3902 desperatioueque
582 3820 759 3893 euerritur,
777 3817 830 3882 32.
847 3818 1088 3900 ltueceeeeque
1103 3816 1248 3900 haberet,

238 4005 378 4074 .1)Item
404 4022 566 4078 perperam
590 4008 727 4063 nominat
752 4007 904 4062 orationes
924 4004 1087 4061 Ciceronis.
1125 4002 1179 4076 Op.
1200 4006 1247 4062 cit.

143 4111 173 4205 ‘p‘
195 4093 238 4150 26.
251 4183 279 4249 2)
299 4183 343 4240 Of.
364 4183 528 4255 Mertenp.
548 4185 597 4252 22;
627 4185 765 4253 Thomas,
786 4185 858 4240 Rev.
881 4185 919 4240 de
939 4184 1012 4239 Phil.
1035 4182 1112 4253 1884,
1131 4199 1160 4307 p
1179 4183 1246 4252 133;

142 4271 271 4340 Dosson,
289 4272 364 4328 Rev.
384 4273 422 4328 (16
441 4272 515 4328 Phil.
536 4273 615 4339 1830,
633 4289 664 4344 p
684 4273 739 4328 66..
870 4319 873 4326 .

253 4360 281 4427 3)
302 4360 345 4420 cf.
364 4361 480 4431 Miiller,
499 4362 563 4422 Zeit
564 4361 640 4420 sehr
661 4363 681 4416 1.
701 4363 729 4421 (1.
733 4361 870 4448 6γ616,
888 4361 967 4419 Wes.
989 4361 1066 4430 1888,
1085 4378 1118 4436 p.
1133 4302 1194 4420 668.
