2916 5026
642 430 818 485 ..58-

187 605 259 668 112.
272 605 307 668 11
326 633 333 669 :
349 606 595 688 docereturque,
615 606 644 671 t.
658 605 711 670 33.
724 606 745 669 3
759 633 766 671 ε
781 608 1068 692 euepectabatque,
1085 614 1110 673 Ι.
1124 608 1155 674 5.
1170 609 1201 686 5,
1224 632 1288 676 nec

185 716 323 777 dubium
347 723 396 775 est
419 717 498 790 quin
524 718 637 792 optimi
661 720 836 794 scriptores
866 719 925 778 has
948 721 1198 796 compositiones
1226 740 1288 799 pro

185 839 244 881 sua
260 823 352 898 parte
369 824 524 898 fugerint.
564 823 690 882 Hirtius
714 831 822 884 tamon
840 825 965 896 scribit,
990 822 1287 889 animaduerteret·

184 944 255 1007 que,
280 923 384 987 331:
409 923 648 1008 indicaretque,
670 924 723 988 46.
743 927 770 988 1.
805 931 888 990 Item
904 933 937 990 in
954 931 1044 991 Bello
1061 934 1287 997 Alexandrino

181 1035 321 1111 legimus
343 1030 543 1115 videretque,
569 1030 620 1095 13.
641 1032 675 1095 l:
709 1037 744 1094 in
767 1037 857 1095 Bello
881 1038 1004 1116 Africo,
1033 1036 1282 1120 tenebaturque,

181 1134 235 1199 51.
252 1137 289 1200 2:
314 1137 563 1220 verebaturque,
588 1135 690 1201 ost:
714 1138 1070 1223 comminarenturque,
1097 1141 1148 1206 11.
1166 1140 1202 1207 20
1226 1143 1284 1228 su-

180 1248 372 1329 qareutque,
397 1242 428 1307 6.
446 1242 484 1307 3:
510 1242 802 1327 iutelteuissetque,
827 1243 880 1307 39.
898 1245 929 1308 2.

505 1424 536 1491 2.
566 1424 690 1492 biodus
713 1425 959 1509 imperativus.

288 1555 408 1616 Caesar
435 1557 606 1633 coniungit
635 1556 730 1616 binos
752 1556 965 1631 imperativos
989 1574 1047 1633 per
1071 1561 1111 1635 et,
1138 1574 1210 1638 que,
1234 1563 1283 1621 at·

181 1678 252 1740 que,
267 1663 337 1721 sine
351 1662 538 1721 discrimine
546 1657 586 1738 ¹);
601 1663 827 1738 supplementa
841 1663 999 1738 praebent
1012 1666 1164 1740 exempla
1180 1667 1280 1726 nulla.

518 1803 942 1912 ammmfflm

286 1976 481 2052 Saepissime
514 1977 600 2036 inter
633 1977 713 2036 duos
746 1977 924 2036 infinitivos
957 1979 1133 2054 interponit
1161 1979 1283 2042 Caesar

179 2085 222 2158 et,
255 2084 362 2142 minus
395 2099 492 2158 saepe
525 2084 622 2161 atque
655 2078 732 2157 (aa).
779 2081 872 2157 Quod
900 2084 984 2141 vitat
1012 2086 1278 2159 compositionem
1351 2118 1353 2122 ·

178 2190 357 2264 particulae
386 2204 447 2267 que
480 2205 554 2248 cum
577 2190 739 2249 infinitivo
763 2189 867 2248 activi
887 2191 1078 2264 praesentia,
1108 2191 1172 2249 iam
1198 2193 1278 2252 satis

178 2295 308 2370 copiose
336 2302 509 2353 exsecutus
533 2290 649 2369 sum2).
695 2295 833 2353 Perraro
859 2296 937 2354 item
961 2278 1063 2354 adicit
1086 2312 1148 2374 que
1170 2299 1277 2358 intini-

177 2402 245 2460 tivo
269 2402 433 2477 praesenti
455 2401 577 2476 passivi
601 2402 741 2479 generis,
765 2401 829 2461 duo
853 2401 902 2459 his
925 2403 1099 2477 exemplis:
1124 2399 1190 2484 teqi
1211 2399 1277 2464 die-

81 2546 83 2550 .
177 2503 396 2587 simularique
419 2509 444 2567 Ι.
465 2502 515 2567 19.
533 2503 568 2568 2ε
598 2523 755 2568 reuocare
778 2502 972 2586 hortarique
994 2501 1026 2566 ἵ).
1043 2502 1074 2566 6.
1091 2503 1123 2568 4.
1171 2509 1276 2585 Quam

176 2617 423 2675 commissuram
439 2611 634 2690 Mertenus³)
658 2615 739 2674 dicit
762 2615 851 2674 haud
874 2630 948 2674 raro
973 2616 1062 2690 apud
1085 2615 1275 2678 Ciceronem

177 2722 329 2781 inveniri.
376 2721 481 2780 Semel
506 2720 625 2780 Cacsar
648 2736 687 2779 ac
714 2723 806 2796 ponit
835 2721 922 2780 inter
944 2721 1121 2781 infinitivos
1149 2725 1276 2784 activos

176 2828 314 2902 perfecti
338 2828 508 2902 temporis:
534 2821 703 2906 eupulisse
727 2842 766 2887 ao
789 2841 966 2907 superasse
988 2823 1166 2888 111135.

282 2933 409 2992 Hirtius
437 2934 522 2992 inter
551 2934 729 2993 infinitivos
758 2934 928 2993 continuos
957 2950 1085 3009 semper
1108 2938 1200 3010 ponit
1227 2940 1275 2998 at·

123 3065 124 3068 ¹
176 3054 237 3117 que
251 3035 327 3113 (aa),
351 3045 482 3115 praeter
504 3056 605 3099 unum
629 3040 736 3098 locum
761 3035 927 3099 concitare
952 3041 982 3100 ei
1004 3055 1119 3120 qererc
1143 3036 1210 3116 (22.
1227 3037 1273 3117 2).

176 3145 415 3204 Infinitivorum
428 3146 647 3205 membrorum
659 3162 718 3221 per
730 3161 791 3224 que
807 3147 1059 3221 compositorum
1075 3153 1150 3207 sunt
1166 3165 1274 3208 exem·

174 3252 230 3327 pla
262 3252 358 3312 haec:
392 3245 550 3312 eucedere
577 3247 709 3332 proelio
742 3247 907 3331 ulvaeque
935 3255 1051 3333 petere
1076 3247 1127 3314 19.
1144 3247 1181 3314 8:
1215 3251 1273 3316 aet-
1316 3280 1317 3283 ¹

174 3352 302 3419 uolasse
320 3353 554 3439 proeliumque
577 3355 777 3418 commisisse
800 3353 853 3417 36.
870 3353 901 3417 3.

280 3464 480 3540 Frequentia
502 3471 535 3524 et
558 3465 739 3539 proprietas
763 3466 1033 3540 compositionum
1057 3466 1152 3527 huius
1175 3484 1272 3544 gene·

173 3570 219 3629 ris
241 3570 276 3629 in
299 3571 389 3630 Belio
412 3570 636 3631 Alexandrino
661 3572 762 3648 digna
784 3579 833 3631 est
856 3578 1046 3643 memoratu,
1078 3573 1118 3633 dc
1141 3590 1207 3648 qua
1236 3591 1271 3634 re

171 3677 238 3736 iam
262 3676 327 3735 alio
355 3671 460 3754 looo4)
485 3693 655 3754 coeperam
686 3680 805 3739 dicere.
857 3680 918 3739 Hic
948 3697 1060 3740 omnes
1088 3681 1271 3756 particulae

110 3838 118 3853 ,.
171 3790 381 3859 usurpantur,
398 3791 439 3856 et,
460 3787 547 3859 quod
563 3788 705 3845 niaxime
718 3787 836 3845 mirum
853 3792 912 3857 est,
937 3802 998 3865 que
1021 3788 1119 3864 longe
1143 3793 1271 3847 ceteras

171 3885 347 3966 superat⁶).
392 3891 473 3951 Item
498 3893 532 3966 in
555 3892 645 3951 Bello
669 3892 780 3951 Africo
804 3894 1036 3952 commissurae
1061 3893 1198 3955 duorum
1222 3894 1271 3952 in·

176 4056 390 4072 nnn*—

279 4164 307 4233 1)
327 4165 1036 4241 cf.ettli.ot.1:94.6;'qae7.50.5:111.64.3;
1060 4176 1151 4243 atque
1170 4174 1194 4228 o.
1205 4174 1230 4228 a.
1242 4174 1267 4229 4.
1342 4218 1345 4223 ,

277 4253 307 4322 2)
326 4270 354 4310 v.
374 4271 403 4326 p.
422 4256 467 4311 37.
616 4259 644 4322 3)
664 4258 707 4313 Ct'.
727 4276 755 4329 p.
774 4260 817 4313 33.
966 4262 995 4330 4)
1015 4259 1059 4317 Oi.
1078 4279 1107 4332 p.
1126 4262 1169 4319 38.

225 4373 229 4381 ·
277 4339 307 4411 b)
325 4341 449 4401 Numeri
468 4349 551 4404 sunt:
570 4347 598 4400 et
615 4345 640 4415 4,
662 4362 719 4424 que
739 4347 781 4416 13,
800 4348 957 4423 atque(ao)
975 4350 1002 4409 4.
